1872 2345
798 62 1053 101 ...12-

97 146 292 188 simp'liciter
315 148 456 192 φάρμακα
477 148 664 182 indicantur
686 149 849 183 vocabulo
871 151 975 194 θρόνα,
997 162 1068 193 quac
1094 153 1258 187 sententia
1281 160 1332 187 est
1355 152 1494 187 Grex-eri
1520 155 1653 198 (Kleiue
1674 153 1750 186 Bet-

98 209 191 246 trffige
212 217 244 246 p.
266 208 344 247 34),
367 218 464 246 quum
488 207 556 238 haec
576 219 703 249 quoqne
726 220 745 240 a
764 209 880 240 Nonno
904 210 1102 251 singillatim
1123 218 1425 250 commemorentur,
1450 218 1481 242 et
1503 223 1612 251 quum,
1637 211 1698 243 hoc
1722 212 1753 242 si

96 266 196 303 poeta
216 262 392 303 voluisset,
416 264 502 295 haud
525 263 624 296 dubie
646 276 685 296 ea
704 276 784 297 usus
808 272 897 296 esset
918 276 1011 306 voce,
1035 278 1079 298 ex
1104 278 1169 310 qua
1190 268 1225 299 id
1249 270 1371 300 certius
1394 267 1511 310 colligi
1532 272 1656 310 posset.
1688 267 1753 299 Itu-

98 330 161 361 que
189 326 292 352 restat
315 322 555 362 tantummodo,
587 329 623 354 ut
653 323 879 365 intelligamus
902 330 1104 365 unguentum
1128 326 1289 364 quoddam
1312 337 1482 367 sagarum,
1517 327 1570 356 cui
1602 327 1756 357 convenit

97 377 232 408 verbum
255 388 380 417 quoque
400 379 581 420 ὑπομάσσειν.
604 378 700 415 Quod
722 386 924 422 unguentum
946 381 976 411 si
998 382 1182 422 cogitemus
1206 384 1418 413 commixtum
1442 383 1548 413 fuisse
1571 392 1615 412 ex
1630 381 1754 420 puben-

98 433 187 465 tibus
215 434 327 467 herbis
354 435 453 479 [παρὰ
483 437 516 469 τὸ
544 437 604 468 ἅνω
631 442 729 478 θορεῖν
756 438 786 469 ἐκ
814 441 865 478 τῆς
892 437 958 480 γῆς]
984 439 1153 477 contusis,
1187 445 1219 469 et
1241 440 1501 471 versicoloribus
1525 438 1678 471 bestiolis
1702 432 1757 481 [τὰ

93 493 291 532 πεποικιλμένα
313 493 390 535 ζῶα]
413 495 583 533 contritis,
618 497 714 536 atque
745 495 822 525 inde
854 494 1165 535 ipsumversicolor
1186 494 1313 525 fuisse:
1345 503 1457 536 patere
1481 496 1581 527 simul
1611 496 1753 533 videtur,

96 550 259 590 quomodo
288 550 409 580 factum
438 552 500 589 sit,
532 557 567 581 ut
590 550 651 581 hoc
675 550 869 581 vocabulum
900 555 1016 592 postea
1037 552 1180 590 potuerit
1202 550 1257 581 vel
1289 551 1330 582 ad
1353 552 1481 583 similes
1503 563 1557 583 res
1578 552 1754 583 transferri

98 604 222 646 [veluti
247 607 287 636 ad
315 607 353 638 τὰ
374 608 481 639 ἀνθινὰ
502 608 601 647 ἱμάτια
622 609 645 637 i.
668 619 696 638 e.
718 608 939 639 versicolores
961 615 1085 647 vestes,
1108 619 1188 649 quas
1210 608 1383 648 gestabant
1405 611 1613 647 potissimum
1634 610 1666 640 αἱ
1685 610 1755 640 ἑταῖ-

97 660 173 704 ραι.],
193 661 247 692 vcl
269 664 367 694 etiam
386 673 444 703 pro
462 663 612 705 generali
634 663 795 695 vocabulo
818 664 959 706 φάρμακα
977 666 1064 704 poni.
1090 664 1200 696 Possit
1222 676 1300 696 vero
1325 666 1422 697 etiam
1444 676 1498 697 res
1521 667 1569 697 ita
1589 666 1754 709 expediri,

97 725 135 749 ut
165 720 198 749 in
223 719 362 751 scholiis
390 727 516 751 tantum
538 722 709 752 videamus
733 721 973 762 metaphoricas
995 722 1150 753 vocabuli
1172 723 1446 764 significationes.
1490 722 1572 754 Utut
1592 731 1661 763 est,
1694 724 1755 755 hac

97 781 185 805 certe
216 777 272 805 via
299 775 464 816 explicari
487 787 584 814 posse
603 785 681 816 puto
705 778 855 809 diversas
877 777 1135 808 Scholiastarum
1158 780 1459 819 interpretationes.
1484 780 1563 810 Haec
1586 780 1754 810 hactenus.

96 826 157 864 De'
173 831 284 865 verbis
304 830 341 871 ἇς
360 832 401 867 ἔτι
421 831 469 867 καὶ
490 837 538 867 νῦν
558 834 589 868 ἐκ
609 836 697 876 θυμῶ
717 834 827 876 δέδεμαι
849 835 897 867 sic
920 833 1035 866 scribit
1055 833 1222 867 Grex-erus
1244 832 1444 878 (Nachlrc’e’ge
1456 833 1754 879 z.Kr.u.Erklic'rg.

96 900 130 930 p.
158 893 221 931 6.):
242 892 396 929 „wele-lter
428 892 575 930 (m'ImIa'clt
602 892 769 932 Sclewelle)
787 892 838 924 ich
866 892 945 923 auch
971 894 1051 931 jetzt
1078 892 1157 922 noch
1186 902 1271 932 ganz
1300 894 1364 924 und
1390 904 1453 933 gar
1475 894 1610 933 ergeben
1631 894 1692 930 bin,
1713 904 1755 924 αιι

97 948 231 980 vcelcher
252 952 332 980 mein
350 947 447 980 Herz.
459 948 570 991 biiugi.
614 948 711 980 Wte?
733 947 834 980 Halte
853 951 900 980 sie
916 948 997 980 demi
1017 949 1077 979 dm
1097 947 1189 980 Ham·
1210 949 1266 981 des
1287 948 1421 991 Delphin
1436 950 1476 990 je
1500 949 1663 982 betreten?
1684 949 1756 982 Da-

97 1017 159 1037 von
186 1012 261 1047 sag!
289 1018 383 1038 unser
408 1007 492 1039 Text
511 1006 622 1039 m'chte.
670 1006 837 1038 Viellet'clte
863 1010 906 1038 ist
928 1004 952 1038 ὦ
965 1007 1028 1045 fiir
1051 1004 1087 1042 ἇς
1107 1017 1145 1037 zu
1167 1007 1263 1045 lesen,
1287 1007 1418 1038 welches
1436 1009 1521 1038 dmm
1542 1009 1601 1046 auf
1622 1007 1754 1049 Delphis

96 1063 203 1104 gehl.“
244 1063 291 1094 At
322 1063 404 1094 hanc
435 1066 653 1104 conjecturam
686 1074 780 1094 nemo
810 1063 910 1094 facile
941 1063 1102 1103 probabit.
1147 1063 1231 1094 Nam
1254 1064 1384 1094 etiamsi
1406 1073 1580 1105 numquam
1603 1065 1757 1105 ingressa

98 1128 151 1153 cst
182 1119 340 1152 Simaetha
371 1121 573 1153 domicilium
605 1121 783 1164 Delphidis
813 1120 975 1163 pedibus,
1002 1122 1109 1161 potuit
1139 1127 1245 1153 tamen
1277 1121 1422 1161 quotidie
1453 1121 1539 1152 illud
1568 1123 1690 1153 intrare
1713 1122 1756 1153 vi

97 1179 386 1219 imaginandi.
430 1179 538 1216 Atque
561 1179 594 1209 id
618 1190 696 1209 vere
719 1179 840 1209 factum
864 1189 939 1209 esse
963 1189 982 1208 a
1005 1178 1181 1216 Simaetha,
1206 1179 1320 1218 puella
1342 1179 1598 1219 flagrantissime
1622 1180 1755 1216 amanti,

98 1236 160 1266 vix
190 1240 270 1275 puto
293 1245 312 1265 a
334 1244 495 1276 quoquam
519 1235 552 1265 in
571 1233 710 1268 ⁴dubium
733 1235 856 1266 vocari.
900 1233 981 1266 Alia
1002 1240 1110 1265 autem
1130 1235 1268 1276 quaestio
1290 1240 1353 1273 est,
1382 1235 1468 1265 sitne
1499 1234 1705 1265 scribendum
1726 1235 1757 1266 ἐκ

95 1295 185 1333 θυμῶ
206 1302 247 1323 an
268 1292 297 1324 ἐκ
318 1295 405 1333 θυμῷ
426 1302 498 1323 cum
520 1293 588 1323 iota
611 1291 810 1334 subscripto.
843 1291 1035 1331 Genitivum
1053 1293 1121 1333 jam
1143 1292 1327 1322 invenimus
1348 1292 1432 1330 apud
1456 1290 1674 1331 Meinekium,
1696 1292 1754 1333 qui

97 1352 132 1381 in
155 1351 266 1391 priore
293 1350 439 1380 editione
470 1349 618 1379 dativum
643 1348 852 1389 probaverat.
897 1349 942 1379 At
972 1349 1058 1379 unde
1087 1349 1207 1389 pendet
1239 1349 1406 1389 genitivus
1439 1345 1496 1383 aas?
1535 1348 1633 1378 Haud
1656 1347 1755 1379 dubie

99 1418 144 1439 ex
168 1405 268 1438 verbo
290 1406 407 1448 δεθεμαι.
449 1404 495 1437 At
518 1403 575 1436 ubi
599 1405 754 1448 exempla
775 1405 945 1449 leguntur,
968 1414 1039 1448 quoe
1061 1404 1201 1448 probant
1223 1404 1299 1436 huic
1321 1404 1423 1436 verbo
1444 1404 1666 1447 metaphorica
1685 1406 1754 1449 sig-

91 1466 290 1497 'nificatione
306 1466 414 1504 posito
435 1465 571 1505 adjungi
593 1475 691 1503 posse
715 1464 836 1495 nudum
852 1464 1060 1506 genitivum?
1085 1463 1160 1494 Huc
1178 1464 1316 1502 accedit,
1338 1463 1422 1504 quod
1437 1464 1597 1504 quomodo
1618 1464 1648 1495 ἐκ
1668 1467 1756 1504 θυμοῖ

100 1523 177 1553 huic
198 1522 272 1552 loco
294 1523 466 1551 conveniat
487 1531 551 1551 non
578 1520 678 1552 facile
701 1522 746 1551 sit
768 1520 953 1551 intellectu.
998 1519 1112 1561 ltaque
1133 1520 1174 1550 ad
1198 1530 1309 1550 eorum
1329 1520 1447 1550 accedo
1467 1522 1675 1559 sententiam,
1699 1521 1755 1559 qui

98 1590 214 1611 verum
234 1579 360 1609 vidisse
383 1579 575 1609 existimant
594 1578 803 1609 Scholiasten
827 1579 1054 1609 adnotantem:
1078 1576 1163 1618 ἤγουν
1186 1577 1339 1618 ἐκδῶεμαι,
1366 1577 1498 1618 ἕκκρεμής
1519 1578 1573 1617 εἰμι
1592 1581 1633 1616 τῷ
1659 1581 1753 1618 θυμῷ,

98 1637 233 1672 τουτέστι,
254 1639 289 1675 τῇ
309 1637 395 1675 ψυχῇ.
415 1634 520 1665 Notus
542 1641 593 1665 est
615 1634 708 1665 Iocus
725 1635 822 1666 Hom.
846 1635 910 1665 Od.
931 1634 979 1672 X,
1001 1636 1053 1665 96.
1075 1634 1178 1675 πέτρης
1198 1635 1228 1666 ἐκ
1248 1635 1390 1674 πείσματα
1412 1634 1507 1673 δήσας.
1529 1633 1638 1663 Etiam
1657 1632 1755 1664 Bois-

100 1705 172 1725 son.
192 1694 340 1724 dativum
355 1692 506 1722 adscivit.
532 1691 733 1723 Sententiam
743 1693 774 1723 si
790 1697 972 1731 spectamus
992 1691 1225 1729 comparandus
1239 1697 1289 1722 est
1305 1690 1399 1721 locus
1411 1689 1459 1720 Id.
1471 1689 1529 1729 ΙΙΙ,
1539 1690 1589 1722 33.
1599 1708 1641 1714 -
1653 1688 1750 1727 Quod

100 1749 499 1791 NVuestem.s’nt‹p1915Koma
517 1749 683 1791 explicat:
707 1758 1000 1787 murmurans,
1030 1758 1108 1778 non
1137 1747 1244 1786 alta,
1271 1747 1347 1778 sed
1378 1757 1615 1787 suppressa
1639 1750 1752 1786 voc'e,

100 1808 135 1840 id
158 1806 404 1849 improbandum
427 1810 489 1839 est.
533 1806 569 1838 In
590 1816 733 1837 errorem
754 1805 928 1837 induxisse
947 1806 1080 1837 videtur
1108 1806 1319 1844 interpretem
1343 1802 1567 1836 scholiastes:
1591 1804 1751 1846 ἐπιψιθυρί-

101 1869 198 1905 ζουσα,
220 1865 331 1906 ἡσύχως
350 1866 502 1907 ἐπᾴδουσα.
527 1864 593 1895 Sed
617 1862 821 1894 Scholiastes
846 1862 907 1893 hoc
929 1862 1042 1894 finxit.
1066 1863 1221 1904 Spectant
1239 1862 1350 1901 potius
1372 1861 1412 1891 ad
1430 1860 1513 1891 hunc
1526 1860 1633 1892 locum
1651 1861 1753 1893 verba

102 1923 163 1955 illa
179 1922 283 1954 Plinii
301 1921 396 1953 ILN.
415 1917 587 1961 XXVIII,
607 1921 644 1953 ’ἵε
666 1919 847 1951 Veniam
869 1930 1031 1961 quoque
1054 1930 1074 1950 a
1095 1919 1192 1950 deis
1216 1918 1312 1959 spei
1334 1916 1529 1958 alicujus
1555 1918 1754 1949 audacio-

102 1983 165 2012 ris
187 1991 207 2019 Ρ
220 1980 380 2011 etimus
404 1980 444 2009 in
468 1981 605 2011 sinum
626 1977 834 2019 spuendo.
857 1976 973 2007 Voluit
995 1978 1081 2007 enim
1095 1974 1251 2006 Simaetha
1261 1974 1406 2013 efficere,
1429 1981 1465 2005 ut
1484 1974 1644 2005 malorum
1661 1976 1753 2015 geni-

102 2048 194 2069 orum
207 2036 304 2075 ultio,
329 2046 425 2078 quam
441 2035 563 2067 fiducia
582 2036 616 2066 in
633 2033 746 2066 herbis
759 2033 950 2064 efficacibus
968 2034 1078 2075 posita
1088 2040 1290 2063 commovere
1300 2037 1437 2070 poterat,
1450 2036 1684 2062 removeretur.
1706 2030 1755 2062 Ita

102 2096 205 2138 igitur
232 2094 326 2127 illam
350 2093 535 2126 Graecorum
558 2094 842 2133 superstitionem,
866 2101 960 2130 quam
983 2092 1017 2122 in
1040 2090 1179 2131 reliquis
1206 2087 1376 2120 Theocriti
1398 2088 1482 2119 locis
1506 2086 1582 2128 (VI,
1604 2088 1655 2121 39.
1679 2087 1754 2128 VII,

95 2154 174 2187 1²7.
193 2151 308 2193 xxn,
332 2151 396 2193 11.)
415 2151 615 2191 invenimus,
639 2150 737 2182 etiam
759 2148 837 2181 huic
857 2147 931 2180 loco
954 2146 1189 2180 accommodari
1211 2155 1348 2178 necesse
1370 2151 1432 2178 est.
1477 2143 1630 2176 Ceterum
1650 2145 1692 2178 cf.
1715 2145 1755 2177 de
