1872 2345
819 54 1069 95 *25—

113 145 315 187 (ὑποσχιθέν),
348 145 383 176 id
412 146 497 188 quod
522 145 600 178 fieri
626 143 714 176 solet
741 145 776 176 in
805 143 895 177 claro
927 155 1007 176 sono
1032 145 1166 177 edendo.
1209 146 1319 187 ltaque
1349 129 1631 210 nosfssoepastorig
1646 151 1764 185 folium

113 203 244 235 flaccuit
275 204 495 235 tantummodo
523 204 643 234 dextra
676 212 774 233 manu
803 213 1023 241 compressum
1050 212 1155 244 neque
1177 204 1353 236 discissum
1381 209 1443 237 est.
1471 196 1583 250 Q
1668 211 1762 254 ppud

110 270 172 291 nos
191 259 321 298 puellas
352 260 455 292 simili
474 261 606 301 quidem
629 261 723 291 modo
745 271 805 301 per
823 262 934 301 jocum
957 260 1147 301 explorare,
1169 271 1246 291 num
1266 261 1306 292 ab
1327 264 1461 294 amasiis
1486 275 1557 295 ame
1671 276 1763 299 nemo

1700 304 1727 326 Q

110 317 253 359 ignorat,
276 328 467 359 quamquam
484 316 550 348 alia
563 318 649 348 ratio
669 323 720 348 est
739 318 904 357 usitatior,
925 328 988 360 qua
1002 317 1189 349 minuscula
1207 317 1299 349 floris
1316 321 1481 352 notissimi
1493 323 1520 362 ')
1544 319 1764 384 soliaffglecer—

108 381 188 413 punt
205 385 379 414 suppressa
401 385 481 404 voce
501 374 655 415 deinceps
674 375 925 416 proloquentes:
946 386 1005 406 me
1028 381 1152 413 amat,
1174 386 1230 405 me
1254 385 1332 405 non
1355 385 1481 413 amat3
1504 381 1598 419 cujus
1623 382 1673 411 rei
1670 357 1763 431 4η-

110 429 194 461 libet
218 442 262 462 ex
285 431 469 461 Goethiano
486 431 608 463 Fausto
631 432 829 465 reem-,datur
855 432 921 463 Sed
944 431 1025 470 talia
1040 431 1217 462 Theocrito
1237 431 1426 471 obtrudere,
1439 435 1503 464 nisi
1524 437 1578 475 qui
1596 436 1664 468 levi
1684 448 1762 476 qua-

110 487 182 518 dam
193 490 410 528 propensione
419 489 459 519 ad
474 488 678 520 resludicras
691 496 804 531 captus
824 496 964 527 tenetur,
975 487 1087 519 nullus
1100 499 1249 527 umquam
1261 488 1407 519 audebit.
1420 489 1483 520 Sed
1496 493 1586 522 satis.
1598 492 1635 523 ln
1647 502 1760 526 nostra

108 553 144 573 re
166 554 352 585 pergamus.
376 545 475 576 Alius
490 545 595 584 locus,
614 547 648 575 in
665 557 728 587 quo
746 548 904 577 aoristum
922 546 1023 575 medii
1039 546 1174 585 passive
1192 547 1337 586 positum
1358 557 1433 577 esse
1454 546 1667 588 arbitrantur,
1689 536 1759 583 est:

188 610 226 648 4)
248 608 295 641 Id.
319 609 394 649 Vll,
418 612 487 644 109.
528 610 554 642 εἰ
572 610 694 647 &dume
713 612 823 649 νεύσεις,
845 610 920 643 κατὰ
940 610 990 652 μὲν
1009 609 1083 652 χρόα
1103 610 1185 641 πάντ’
1208 610 1350 651 ὀνύχεσσιν

527 668 694 708 δακνόμενος
713 669 870 700 urticam
891 667 939 701 καὶ
960 669 988 700 ἐν
1008 668 1125 700 κνίδαισι
1143 668 1301 705 καθεύδοις,

107 721 174 754 Sed
205 724 340 756 verbum
359 725 525 757 κνάσασθαι
551 728 603 756 est
622 725 708 767 quod
730 736 789 756 nos
811 726 950 756 dicimus
973 725 1037 756 είσΙι
1049 726 1175 765 Jetcken,
1198 726 1356 756 usitatum
1375 726 1415 756 de
1438 737 1489 765 eo,
1507 728 1563 766 qui
1588 727 1655 760 sibi
1680 731 1757 770 ipse

106 786 212 812 cutem
242 782 340 813 vellit
371 789 403 813 et
427 784 572 823 stringit,
604 788 640 812 ut
668 782 815 813 dolorem
836 782 942 812 lenire
965 783 1105 812 studeat.
1154 780 1247 817 Quae
1270 782 1471 822 significatio
1493 795 1589 825 quam
1612 787 1657 816 sit
1680 786 1757 818 huic

104 837 177 869 loco
207 840 416 878 conveniens,
439 839 547 878 quivis
568 839 739 880 intelligit.
764 839 904 870 Sensum
932 838 997 869 loci
1015 840 1084 879 jam
1108 844 1195 869 recte
1218 838 1378 869 indicavit
1400 838 1588 872 Mehlhorn.
1611 841 1634 873 l.
1658 843 1680 874 l.
1702 843 1755 876 his

102 895 234 927 verbis:
264 895 357 934 „Pan
387 897 512 934 asperis
533 896 652 927 scillae
675 895 841 927 radicibus
865 894 1054 927 stimulatus
1075 906 1111 926 se
1131 896 1204 936 ipse
1223 894 1393 926 fricabit.“
1416 897 1489 928 Huc
1513 898 1628 930 addam
1653 901 1755 932 simul

103 953 186 984 duos
210 952 294 984 alios
318 952 422 992 locos,
445 954 478 983 in
498 953 615 992 quibus
639 953 846 995 explicandis
870 953 1031 983 immerito
1051 953 1206 983 videntur
1225 952 1400 996 enallagen
1417 956 1577 998 quandam
1589 958 1754 1000 ingerere,

101 1016 188 1042 certe
212 1020 277 1040 non
300 1016 450 1041 accurate
472 1012 658 1049 interpretis
683 1010 795 1041 officio
815 1010 1007 1051 funguntur.

180 1074 226 1107 Id.
249 1073 379 1114 XXIII,
401 1075 442 1108 26
443 1098 747 1108 .......
776 1098 796 1120 ⁷·
837 1099 845 1106 .
887 1099 894 1106 .
937 1074 1002 1117 ἄρτι
1022 1073 1051 1107 δὲ
1070 1074 1175 1117 χαίρειν

500 1137 572 1165 ’τοῖσι
591 1138 663 1169 τεοῖς
682 1129 842 1174 προθύροις
859 1133 1051 1175 ἐπιβάλλομαι.

179 1189 327 1222 Verbum
357 1188 565 1231 ,ἐπιβάλλομαι
587 1199 646 1230 pro
668 1190 808 1232 ἐπιβάλλω
830 1190 971 1230 adjicio,
1003 1189 1150 1231 applico,
1184 1190 1353 1220 admoveo.
1397 1189 1549 1221 Kiessl.“
1573 1191 1751 1235 adscripsit

96 1247 281 1281 Wuestem.
312 1247 432 1279 Totum
449 1247 556 1279 locum
571 1247 674 1278 latine
696 1248 794 1278 vertit
814 1247 964 1279 Kiessl.:
986 1247 1082 1287 „Jam
1102 1247 1176 1279 vale
1193 1254 1248 1278 tuo
1265 1246 1432 1279 vestibulo
1450 1249 1608 1289 adjicio.“
1632 1250 1748 1284 Nonne

96 1305 282 1344 explicetur
301 1309 438 1335 neeesse
458 1310 525 1335 est:
549 1315 609 1335 me
629 1304 801 1346 applico
823 1306 864 1335 ad
886 1311 977 1335 tuum
994 1304 1207 1343 vestibulum,
1227 1306 1332 1345 χαίρειν
1350 1305 1403 1345 (de
1421 1315 1483 1346 quo
1503 1316 1565 1336 usu
1587 1307 1746 1340 infinitivi

95 1362 137 1395 cf.
146 1362 323 1394 Hermann.
340 1362 373 1391 in
387 1359 464 1402 vig.
483 1371 513 1400 p.
530 1362 601 1393 883.
623 1367 655 1391 et
672 1363 743 1394 899.
756 1362 807 1393 ed.
820 1360 896 1403 IV.)
919 1368 962 1392 ut
985 1365 1026 1392 te
1044 1361 1115 1392 val
1126 1372 1143 1392 e
1154 1372 1195 1392 re
1214 1360 1409 1402 jubeam'!
1433 1361 1594 1402 Sequatur
1604 1364 1745 1408 denique

176 1429 226 1460 Id.
248 1426 413 1465 XXVIII,
437 1428 486 1459 1⁸2.
528 1425 570 1463 δὶς
589 1427 643 1468 γὰρ
662 1427 780 1468 ματέρες
801 1427 893 1468 ἀρνῶν
913 1425 1051 1467 μαλακοῖς
1071 1428 1099 1458 ἐν
1119 1426 1228 1469 βοτάνᾳ
1249 1426 1346 1463 πόκοις

528 1484 650 1522 πέξαινῐ
674 1484 803 1521 αὐτοενεί,
830 1485 988 1526 Θειηέ-νίδος
1007 1484 1110 1526 γ’ἕννειί
1134 1483 1271 1526 ἐὶῗσᾳῦρω·

527 1539 617 1576 οὕτως
638 1542 803 1583 ἀινσῖεργος,

175 1600 271 1645 [Vox
292 1599 371 1632 {vrri
388 1599 459 1640 (pro
479 1597 613 1639 vulgato
635 1597 723 1640 εἴιέιί)
744 1599 860 1644 aeolica
880 1599 983 1631 forma
1000 1605 1062 1639 est,
1087 1609 1182 1642 quam
1200 1600 1251 1632 ed.
1270 1597 1416 1631 Florent.
1433 1603 1466 1630 et
1476 1609 1520 1631 ex
1539 1599 1741 1643 apogr.Ald.

91 1659 279 1692 Brunckius
304 1657 460 1700 praebent.
491 1655 577 1687 Huic
609 1656 737 1687 similes
760 1657 881 1688 formas
903 1668 1007 1699 nuper
1030 1659 1198 1699 congessit
1220 1658 1263 1689 H.
1286 1657 1325 1688 L.
1347 1656 1511 1688 Ahrens.:
1546 1657 1597 1689 De
1621 1658 1741 1690 Graecae

90 1718 214 1759 linguae
238 1715 413 1746 Dialectis.
434 1712 509 1744 Lib.
532 1713 557 1744 I.
580 1713 746 1755 Gottingae
770 1715 851 1746 1839
873 1716 902 1751 §.
925 1718 956 1747 8.
978 1725 1010 1756 p.
1029 1716 1080 1747 59.
1105 1715 1205 1745 Porro
1228 1712 1350 1746 αὐτοενεὶ
1368 1725 1425 1753 pro
1449 1713 1572 1745 αὐτοετεὶ
1594 1719 1645 1745 est
1666 1725 1740 1746 con-

85 1776 215 1816 jectura
232 1770 617 1814 sagacissimiBergkii].
641 1770 692 1801 De
713 1770 773 1815 hoc
793 1771 897 1812 igitur
916 1770 988 1802 loco
1006 1772 1054 1802 sic
1074 1772 1154 1802 dicit
1167 1770 1371 1802 W'uestemst
1396 1771 1439 1809 „d
1451 1781 1496 1811 ep
1508 1778 1633 1801 onant
1654 1778 1693 1803 to
1704 1782 1740 1803 n-

56 1815 161 1864 lsae
185 1829 365 1861 vellera.
387 1847 429 1851 ——
451 1828 504 1858 Ad
527 1829 656 1866 πὲξιιιντο
680 1838 894 1869 suppressum
924 1835 975 1859 est
997 1827 1051 1860 ἂνξ
1085 1829 1125 1859 si
1147 1838 1222 1867 per
1257 1827 1577 1868 Theogenidem
1607 1833 1739 1869 esset,

86 1889 156 1920 bis
189 1897 290 1918 oves
322 1886 496 1916 tonderi
530 1884 776 1916 deberentf‘
819 1884 898 1915 Haec
921 1886 1031 1916 omnia
1061 1885 1148 1916 falso
1172 1886 1291 1924 scripta
1313 1895 1387 1915 esse
1408 1883 1490 1914 mihi
1513 1885 1646 1925 quidem
1668 1896 1738 1925 per-

87 1955 221 1978 suasum
252 1946 311 1974 est.
356 1942 499 1974 Primum
530 1943 616 1974 enim
644 1940 804 1982 particula
834 1939 869 1973 ἂν
898 1951 962 1972 non
993 1948 1045 1973 est
1067 1949 1261 1981 suppressa,
1293 1942 1350 1974 sed
1372 1947 1460 1971 recte
1481 1940 1587 1980 abest,
1608 1944 1684 1981 quia
1703 1944 1736 1972 in

85 2005 233 2045 optativo
264 2004 372 2039 aperte
403 2000 485 2031 latet
514 1999 586 2031 sola
601 1994 747 2038 'optatio,
777 2010 850 2041 quae
872 1997 966 2029 nulla
989 2000 1180 2030 condicione
1200 2000 1412 2039 restringitur
1431 2006 1622 2039 propterea,
1653 2000 1735 2037 quod

83 2061 274 2102 Theogenis
298 2057 387 2094 οὕτως·
408 2057 573 2099 ἀνυσιέργος,
593 2058 723 2099 proprie
747 2067 878 2097 operum
899 2056 1079 2096 perfectrix
1101 2057 1124 2087 i.
1144 2067 1173 2087 e.
1193 2057 1240 2086 ita
1257 2054 1425 2086 laboriosa
1443 2060 1504 2088 est.
1527 2055 1610 2088 Nam
1626 2056 1734 2087 dicere

116 2153 141 2185 *J
164 2151 254 2180 Beni,
266 2153 397 2191 Perennis
411 2158 434 2177 ὃ,
448 2150 548 2177 minor,
572 2140 845 2180 Giimeblilmchen,
860 2139 1066 2172 Maaxeloebe.
1081 2140 1168 2180 (Num
1183 2149 1254 2174 mira
1268 2148 1391 2174 inversio
1410 2155 1460 2181 pro
1478 2136 1693 2170 Liehesmaaes
1702 2136 1732 2175 .2)

1415 2198 1441 2235 4
