1872 2345
820 88 1047 126 ...6.-

114 177 216 209 Venus
226 176 411 217 (epitheton
432 185 552 206 ornans
574 175 674 206 sicuti
698 174 782 206 alias
802 174 1005 218 φιλομμειδὴς),
1028 176 1192 209 swan-'nit
1209 173 1387 209 maliclae'r
1411 176 1611 220 Vetgflellung
1619 175 1773 215 Idcbelnd,

117 235 192 266 aber
213 237 303 265 ee’nen
326 233 442 264 bellem
465 232 562 264 Groll
577 232 828 265 zurio'cklaaltend.

193 307 236 338 V.
261 308 332 339 102.
374 305 425 348 ἤδη
446 306 501 348 γὰρ
522 307 643 349 φράσδῃ,
665 307 753 338 πάνθ’
777 305 855 337 ἅλιον
876 305 948 346 ἄμμι
969 307 1107 343 mamm,-

195 370 406 401 Burchardus
417 371 449 400 in
461 369 599 400 Anthol.
612 380 643 410 p.
655 371 716 400 2²4
729 370 898 399 adnotavit
910 378 918 399 ι
942 368 1017 407 „Ita
1034 370 1169 411 egregie
1180 368 1289 401 locum
1298 371 1368 411 jam
1378 368 1613 401 conclamatum
1624 354 1773 401 restituit

113 428 354 460 Hermannus.“
400 425 445 457 Ut
468 437 563 457 sunm
587 427 701 463 cuique
720 424 905 463 tribuatur,
930 424 1073 456 observo
1096 425 1179 457 hanc
1197 437 1316 457 versus
1339 428 1556 467 scripturam,
1580 437 1675 468 quam
1695 432 1773 464 puto

113 484 153 517 ab
181 485 252 524 ipso
276 481 449 515 Meinekio
472 482 569 514 hodie
589 481 740 524 probari,
777 482 957 522 profectam
979 494 1055 515 esse
1077 482 1117 515 ab
1140 481 1317 514 Eustathio
1345 484 1379 514 in
1400 482 1441 515 11.
1463 483 1511 515 X.
1533 495 1563 523 p.
1587 484 1678 523 1366,
1700 482 1773 522 39„

113 542 197 573 unde
220 542 344 582 recepit
366 540 410 571 Η.
434 539 629 578 Stephanus.
654 539 696 569 cf.
717 540 900 570 editionem
922 539 1055 571 Reiskii
1076 539 1117 571 Τ.
1138 538 1176 570 Π.
1200 550 1233 581 p.
1259 540 1308 571 19.
1332 539 1478 571 Eandem
1494 541 1686 581 scripturam
1698 549 1774 581 pro·

114 598 275 629 baverunt
306 596 444 636 Vossii,
469 596 695 627 Boissonadus
725 596 772 637 (in
805 597 900 638 cnjus
931 596 1036 628 altera
1064 596 1208 628 editione
1229 597 1390 629 omissum
1417 597 1549 638 quidem
1571 604 1621 629 est
1642 598 1774 638 signum

114 655 358 697 interrogandi,
399 653 456 684 sed
485 653 518 683 id
547 653 668 684 sactum
699 664 774 684 esse
806 654 939 685 videtur
971 664 1015 684 ex
1046 654 1129 685 vitio
1156 653 1428 695 typothetarum),
1469 653 1677 686 Hermannus
1701 653 1724 685 l.
1749 652 1773 684 l.

118 712 361 743 Schneidewin.
394 709 627 749 (Conjectanea
650 708 784 739 Critica.
838 710 953 740 lnsunt
984 709 1120 739 Orionis
1154 709 1306 740 Thebani
1334 709 1514 751 Antholog.
1543 710 1652 741 Tituli
1684 708 1771 739 Vlll.

120 769 271 809 Gotting.
297 767 378 798 1839
401 777 433 807 p.
461 766 534 806 167)
557 766 613 804 qui
635 772 742 796 tamen
764 766 849 797 nihil
868 768 946 797 novi
969 767 1102 807 adjecit,
1125 777 1222 805 quum
1241 766 1335 797 locus
1355 767 1495 797 Diodori
1523 767 1564 797 ab
1587 777 1626 797 eo
1650 767 1772 798 allatus

112 828 181 867 jam
201 825 334 866 legatur
356 824 389 852 in
413 822 522 852 indice
550 820 804 853 Wuestemanni
836 833 865 861 p.
889 824 961 855 418.
993 833 1020 853 s.
1044 834 1076 853 v.
1099 821 1184 858 ἅλιος.
1205 840 1247 846 -—-
1268 822 1312 854 V.
1337 824 1407 855 103.
1430 823 1540 855 ἔσσεται
1561 821 1645 865 ἄλγος
1659 822 1773 865 Ἔρωτι.

117 882 281 913 Similiter
304 879 418 921 Apoll.
442 878 548 909 Rhod.
571 877 616 915 Π,
640 881 712 910 260.
734 880 773 914 ὡς
794 880 827 911 οὔ
847 892 889 914 τις
909 880 1017 910 θεόθεν
1037 880 1122 920 χόλος
1143 880 1255 911 ἔσσεται
1275 879 1349 911 εἵνεκ’
1373 881 1490 922 ἀρωγῆς.

203 956 248 986 V.
280 956 350 985 109.
396 954 500 993 ὡραῖος
526 952 657 993 χῶδωνις,
685 952 743 984 ἐπεὶ
763 952 810 984 καὶ
837 957 917 993 μάλα
937 953 1043 993 νομεύει

387 1009 435 1041 καὶ
456 1013 572 1045 nrt-inae
592 1011 688 1051 βάλλει
708 1009 755 1041 καὶ
776 1010 867 1050 θηρία
887 1009 984 1040 πάντα
1004 1008 1100 1039 διώκει.

205 1068 241 1099 In
264 1067 316 1097 his
340 1066 452 1096 verbis
471 1065 528 1097 ἐπεὶ
548 1066 743 1107 particulam
766 1067 924 1097 ironicam
945 1077 1021 1097 esse
1041 1065 1114 1096 vult
1137 1065 1429 1098 Wuestemannus.
1475 1067 1639 1098 Similiter
1661 1067 1774 1107 dispu-

120 1133 167 1158 tat
188 1125 213 1156 1.
237 1124 281 1155 11.
306 1122 453 1153 Vossius
477 1124 510 1152 in
534 1121 632 1164 Virg.
653 1123 725 1154 Eel.
748 1122 803 1161 X,
829 1125 877 1155 16.
899 1134 930 1161 p.
953 1124 1013 1154 186
1034 1123 1083 1153 ed.
1106 1121 1145 1153 II.
1167 1123 1311 1161 „acerba
1331 1134 1410 1155 sane
1434 1125 1560 1162 irrisio,
1584 1123 1773 1154 adolescen-

121 1192 185 1215 tem
216 1184 289 1223 ejus
319 1180 512 1217 florentem,
551 1183 584 1210 et
615 1179 768 1210 imbelles
800 1190 879 1210 oves
902 1186 1112 1221 pascentem,
1145 1179 1201 1210 vel
1225 1187 1337 1211 contra
1358 1180 1488 1219 lepores
1513 1182 1666 1212 audacem
1688 1191 1774 1218 esse,

122 1247 218 1279 atque
243 1239 324 1269 adeo
358 1243 470 1268 contra
500 1237 588 1267 feras
620 1235 741 1266 alias.“
786 1235 860 1266 Non
885 1242 992 1274 recte,
1025 1242 1060 1266 ut
1083 1236 1226 1268 videtur.
1269 1237 1445 1269 Affirmant
1466 1239 1577 1276 potius
1600 1236 1701 1269 verba
1719 1236 1776 1270 ἐπεὶ

121 1308 224 1337 usque
245 1296 285 1327 ad
308 1295 413 1332 διώκει,
445 1305 501 1325 cur
530 1293 658 1325 Adonis
682 1292 868 1334 appellatus
890 1295 935 1324 sit
955 1294 1074 1334 ὡραῖος,
1103 1294 1189 1335 quod
1210 1304 1273 1325 non
1296 1300 1348 1325 est
1369 1295 1553 1337 ,‚pulcher‚
1574 1295 1775 1334 sormosus“‚

122 1365 226 1393 neque
247 1354 306 1392 „in
329 1353 435 1383 aetatis
459 1351 540 1382 flore
563 1351 800 1388 constitutus“‚
822 1350 881 1380 sed
904 1355 940 1380 ut
963 1357 1050 1381 recte
1067 1351 1137 1391 jam
1160 1351 1391 1389 interpretatus
1416 1358 1467 1382 est
1490 1350 1654 1383 Dahlius:
1688 1353 1775 1383 ido-

123 1421 246 1449 neus,
276 1410 400 1450 cujus
425 1418 441 1438 e
455 1418 500 1437 on
513 1416 713 1449 gressum
737 1412 933 1447 appetas.
954 1406 1062 1436 Etiam
1086 1415 1156 1445 quae
1177 1410 1356 1449 sequuntur
1375 1409 1459 1447 apud
1484 1408 1777 1440 WVuestemannum

125 1467 243 1499 verba:
267 1466 371 1506 „illos
394 1471 545 1504 pastores
562 1468 597 1495 tu
618 1464 808 1505 perdidisti,
832 1474 882 1493 me
904 1473 1031 1504 quoque
1055 1463 1095 1493 ad
1118 1471 1254 1494 mortem
1272 1465 1432 1505 adegisti;
1456 1466 1514 1496 sed
1535 1476 1619 1496 vana
1635 1465 1778 1508 gloriola

125 1530 187 1557 est.
230 1523 354 1555 Eadem
386 1524 472 1553 enim
503 1532 522 1552 a
543 1520 703 1552 Diomede
736 1526 891 1561 superata
921 1522 983 1550 es“
1013 1530 1032 1550 a
1063 1531 1142 1551 vero
1165 1519 1352 1552 abhorrent.
1395 1521 1623 1563 Respiciamus
1643 1512 1779 1554 nexum.¹

124 1581 274 1620 Daphnis
295 1579 412 1610 acerba
428 1580 555 1609 ratione
573 1578 698 1609 Veneri
720 1576 923 1616 exprobrans
941 1577 1030 1607 furta
1049 1576 1110 1607 illa
1127 1579 1284 1608 amatoria
1295 1577 1425 1618 Vade,
1448 1580 1565 1618 inquit,
1586 1580 1633 1610 ad
1652 1578 1695 1611 Id
1707 1590 1777 1619 am,

126 1650 144 1669 n
157 1638 196 1669 bi
224 1637 277 1668 bu
289 1636 309 1667 b
322 1635 426 1666 ulcu
438 1647 454 1666 s
485 1635 543 1665 Ve
555 1646 574 1665 n
586 1645 697 1665 erem
727 1634 796 1664 dic
809 1635 897 1665 itur
926 1652 968 1657 —
989 1636 1050 1675 (sc.
1071 1635 1265 1668 ἀσπάσασθαι
1284 1641 1416 1667 umarmt
1435 1635 1533 1667 haben
1555 1637 1634 1674 soll,
1667 1636 1778 1669 Schol.

125 1694 331 1735 καταισχύνω.)
355 1693 458 1723 vade
483 1693 533 1723 ad
550 1691 798 1730 Anchisem,
822 1702 895 1721 nam
910 1690 984 1731 τηνεὶ
1005 1692 1090 1732 δρύες,
1113 1690 1166 1723 ὦδε
1184 1693 1313 1734 κύπειρος
1334 1693 1394 1733 (sc.
1417 1692 1489 1724 ὥστε
1509 1694 1616 1725 σκέπειν
1637 1692 1668 1725 σὲ
1689 1706 1779 1735 συνερ-

126 1753 241 1794 χομὲνην
262 1753 302 1789 τῷ
322 1749 446 1791 Ἀγχίσῃ
467 1748 614 1789 schah),
653 1759 735 1779 rem
766 1747 869 1779 habe
896 1758 984 1778 enm
1010 1747 1225 1788 Adonide,
1248 1760 1322 1780 nam
1345 1749 1448 1791 ὡραῖος
1470 1757 1530 1781 est.
1570 1749 1650 1781 Haec
1673 1758 1780 1782 entem

128 1810 209 1839 dicit
227 1807 391 1848 Daphnis,
415 1807 491 1845 quia
514 1807 584 1844 ipse
603 1806 686 1835 mori
708 1805 833 1834 mavult
858 1815 952 1843 quam
973 1815 1093 1843 amare,
1118 1812 1151 1836 et
1170 1807 1255 1847 apud
1275 1807 1400 1837 inferos
1419 1817 1545 1849 quoque
1566 1806 1652 1839 κακὸν
1672 1808 1780 1839 ἔσσεται

128 1866 213 1906 ἄλγος
229 1864 341 1904 Ἔρωτι.
378 1862 445 1893 Ubi
468 1864 573 1903 igitur
596 1864 755 1902 seriptum
779 1869 841 1900 est,
863 1873 931 1892 rem
953 1862 1111 1892 habuisse
1134 1862 1300 1893 Venerem
1324 1873 1396 1893 cum
1418 1864 1619 1905 pastoribus,
1641 1870 1677 1894 ut
1700 1864 1779 1894 illos

128 1921 304 1964 perderet?
329 1919 413 1951 Tum
434 1922 545 1961 pergit
566 1918 741 1960 Daphnis:

216 1994 260 2026 V.
283 1996 355 2027 112.
399 1992 523 2035 αἷιτιςῧ)
546 1993 624 2029 ὅπως
645 1996 737 2033 στασῇ
757 1993 909 2033 Διομήδεος
931 1991 1022 2026 ἆσσον
1042 1994 1125 2032 fossa,

403 2051 450 2082 καὶ.
472 2053 535 2093 λέγε·
556 2052 605 2083 τὸν
625 2051 722 2093 finimur
744 2054 809 2081 νικῶ
830 2051 949 2091 Δάᾳνιν,
972 2052 1046 2083 ἀλλὰ
1065 2052 1155 2092 pullen
1176 2063 1231 2091 μοι.

166 2173 191 2202 *J
226 2171 416 2197 Muehlmann.
432 2171 503 2204 Leg.
520 2170 587 2197 dial.
603 2178 630 2204 p.
643 2172 686 2200 72.
701 2170 760 2196 vult
775 2178 810 2197 ex
822 2178 871 2198 sex
886 2170 1002 2197 cedibus
1020 2166 1107 2205 αὖθις
1124 2169 1246 2201 restitui,
1256 2169 1334 2204 eujus
1350 2169 1391 2195 rei
1399 2168 1525 2195 derideto
1532 2169 1635 2202 justam
1650 2176 1784 2194 caussam.
