1872 2345
820 64 1075 104 —50—

118 156 192 188 loco
207 154 232 195 1,
252 153 466 188 13⁷.-‘1·um
473 155 596 197 junge:
618 153 691 196 μετὰ
712 153 760 187 τὸν
782 153 811 186 δὲ
832 151 920 189 αὖθις
939 153 1055 195 ἐφάμαν
1071 150 1120 184 καὶ
1137 151 1190 193 ἐγὼ
1210 156 1283 189 τοῖα,
1305 150 1385 182 nach
1397 151 1514 182 dictem
1526 150 1601 183 aber
1616 148 1784 181 wiederu'nt

119 209 233 251 sprack
257 208 335 240 auch
355 208 406 240 ich
422 209 602 251 folgenden.
644 215 720 245 τοῖος
742 210 783 240 ad
805 209 976 248 sequentia
998 207 1141 238 refertur
1165 209 1264 238 etiam
1287 205 1406 245 XXV,
1428 207 1498 238 192.

204 274 245 305 V.
268 276 321 306 94.
363 273 438 305 ἀλλὰ
458 274 514 315 τόγ’
537 275 568 307 ἐκ
588 274 704 306 πάντων
723 275 779 315 μέγ’
803 274 955 315 ὑπείροχον,
977 270 1000 311 ᾦ
1020 284 1054 303 τυ
1075 276 1200 313 γεραῖρεν

365 323 485 364 ἀρξεῦμ’.

203 373 394 406 offensioni
429 374 512 406 mibi
544 381 596 406 est
623 375 692 416 τόγε,
726 374 811 416 quod
842 376 897 413 qui
928 376 1085 406 attentius
1119 374 1204 416 legit
1232 376 1376 414 positum
1406 385 1480 406 esse
1500 379 1592 413 putat
1614 378 1785 415 poetarum

120 439 209 460 more
239 439 298 467 pro
332 427 349 461 ὅ
378 441 407 470 γε
435 428 497 459 hoc
529 438 645 460 sensu:
693 428 800 469 quod
832 428 1002 467 quidem
1033 428 1220 458 omnium
1254 434 1321 459 est
1352 427 1785 459 excellentissimum

122 492 254 513 carme
267 492 300 520 n,
324 483 372 512 ita
391 488 427 512 ut
447 484 658 521 exspectetur
680 490 801 510 novum
822 479 976 511 verbum:
1002 480 1086 519 quod
1107 490 1205 522 quum
1224 489 1288 510 non
1310 486 1476 520 sequatur,
1497 480 1608 522 potius
1627 479 1690 512 τόδε
1705 488 1785 520 poe-

121 537 187 567 tam
216 536 395 577 scripsisse
427 533 609 566 verisimile
641 537 703 573 est,
733 535 918 575 praesertim
949 544 1021 565 cum
1052 534 1218 575 particula
1246 547 1275 576 γε
1298 534 1374 566 huic
1396 534 1470 565 loco
1492 544 1557 564 non
1578 534 1685 575 magis
1708 538 1785 574 apta

123 598 199 620 esse
223 588 377 620 videatur
399 598 491 627 quam
515 586 568 625 lll,
591 587 643 619 2⁷.

207 640 252 672 V.
275 643 325 673 96.
370 639 508 681 „Vulgo
531 640 696 682 ἐπέπταρον,
720 639 806 679 quod
826 649 899 670 cum
921 639 1084 680 adjectivo
1107 639 1195 677 δειλὸς
1214 640 1276 672 vix
1299 639 1475 672 convenire
1495 640 1637 681 poterat.
1670 636 1782 669 Sumsi

125 703 167 725 ex
199 702 262 724 uno
285 692 395 723 codice
418 692 592 735 ἀπέπταρον,
626 692 712 735 quod
736 690 858 723 malum
881 702 974 722 omen
996 691 1237 734 significabit.“
1281 692 1361 724 Haec
1384 697 1435 723 est
1458 691 1624 722 adnotatio
1648 688 1786 721 Boisso-

123 747 210 786 nadi,
234 758 328 789 quem
350 749 481 779 mireris
504 758 569 779 non
593 748 775 779 attendisse
797 748 1032 778 sententiarum
1056 746 1295 778 cohaerentiam.
1341 746 1442 778 Poeta
1466 747 1552 777 enim
1576 755 1651 776 sese
1675 745 1785 785 ipsum

124 801 257 840 opponit
286 799 409 830 Arato:
443 800 578 841 Σιμιχίδᾳ
598 800 661 840 μέν
671 798 852 840 -’Λρατος
873 799 913 831 δέ
933 798 1086 840 [Ἀρατος
1115 801 1138 831 i.
1170 811 1198 831 e.
1221 799 1388 841 ὁἈρατος
1417 800 1534 838 scripsi
1564 809 1607 829 ex
1632 801 1784 837 quattuor

124 853 216 883 bonae
238 860 322 883 notae
346 854 440 884 codd.
462 864 560 892 quum
583 855 617 884 in
638 854 741 884 forma
763 852 874 895 ὦρατος
895 854 952 884 vix
976 864 1135 896 agnoscas
1156 864 1272 886 nomen
1284 853 1408 897 AratiJ.
1432 853 1523 885 Dicit
1544 854 1648 895 igitur
1669 858 1784 894 poeta:

125 904 213 936 Mihi
237 906 367 944 quidem
390 905 503 937 favent
526 906 678 945 Amores,
702 906 824 937 Aratus
847 912 954 936 autem
977 910 1068 937 tenet
1088 906 1149 937 sub
1169 906 1354 938 visceribus
1373 908 1395 938 i.
1410 918 1438 938 e.
1455 908 1487 937 in
1504 907 1578 937 imis
1596 905 1787 946 praecordiis

126 957 327 987 desiderium
351 958 460 997 pueri,
485 968 578 995 quem
603 965 676 996 opto
701 959 767 998 ipsi
791 969 866 988 esse
890 962 1000 999 aptum
1025 965 1123 1000 atque
1149 959 1294 989 facilem.
1338 958 1440 989 Porro
1465 959 1498 988 in
1521 956 1681 988 vocabulo
1703 955 1790 991 δειλὸς

126 1020 220 1040 nemo
245 1010 393 1051 haerebit,
429 1014 494 1043 nisi
515 1012 609 1042 homo
634 1013 766 1042 natione
789 1011 1092 1049 Franco—Gallus,
1116 1012 1210 1051 cujus
1234 1011 1342 1052 gentis
1365 1009 1488 1041 mobile
1512 1013 1606 1051 atquc
1629 1008 1788 1039 mutabile

127 1063 298 1103 ingenium
319 1063 373 1094 vel
395 1065 427 1094 in
449 1075 557 1094 amore
580 1065 735 1094 cernitur.
778 1062 893 1105 Neque
913 1070 1019 1093 tamen
1040 1074 1111 1094 cum
1132 1062 1391 1094 W'uestcuianno
1413 1063 1540 1103 cogites
1563 1061 1690 1100 „muna
1703 1060 1788 1091 mula

128 1126 311 1156 gravesque
334 1119 525 1148 cruciatus“
549 1118 736 1147 amantium.
772 1116 905 1157 Spectat
925 1119 1034 1155 potius
1057 1117 1095 1147 ad
1120 1116 1391 1154 sollicitudinem,
1414 1126 1477 1154 qua
1499 1116 1554 1156 qui
1578 1113 1789 1150 vehementer

128 1175 214 1198 aiunt
237 1180 273 1199 ac
297 1170 422 1207 deperit
449 1173 603 1200 continuo
633 1174 786 1200 vexatur.
833 1169 906 1206 Quo
936 1180 1038 1201 sensu
1066 1170 1225 1202 Horatius
1248 1181 1374 1214 quoque
1399 1170 1520 1213 (Epod.
1542 1168 1638 1208 XIV,
1662 1169 1724 1212 13.)
1747 1168 1788 1200 ad

129 1218 355 1252 Maecenatem
379 1221 512 1253 scribit:
537 1223 668 1262 „ureris
692 1223 762 1261 ipse
784 1223 962 1254 miser.“

212 1279 256 1311 V.
277 1283 328 1312 99.
414 1306 421 1312 .
505 1305 512 1312 .
597 1306 604 1312 .
688 1306 695 1313 .
780 1307 787 1314 .
871 1307 878 1314 .
963 1285 1033 1315 οἶδεν
1048 1284 1192 1325 ”Λριστις,

373 1334 478 1370 ἐσθλὸς
499 1334 570 1376 ἀνὴρ
590 1336 646 1377 μέγ’
670 1336 793 1378 ἄριστος,
816 1336 848 1369 ὃν
869 1337 935 1369 οὐδέ
953 1351 999 1369 κεν
1020 1337 1106 1374 αὐτὸς
1128 1338 1216 1370 ἀεῖδεν

378 1391 485 1429 Φοῖβος
506 1389 556 1420 σὺν
578 1390 705 1431 φόρμιγγι
727 1390 808 1430 παρὰ
830 1392 989 1431 τριπόδεσσι
1009 1390 1143 1433 μεγαίρω,

374 1440 413 1475 ὡς
433 1442 462 1471 ἐκ
484 1442 584 1476 παιδὸ;
598 1442 726 1483 ’Ἄρατος
747 1443 791 1474 ὑπ’
816 1444 912 1474 ὀστέον
934 1442 1025 1475 αἴθετ’
1049 1444 1138 1484 ἔρωτι.

214 1490 357 1522 Graefius
368 1490 473 1529 Epist.
496 1491 578 1522 Crit.
603 1503 635 1533 p.
659 1495 720 1524 ²8:
747 1493 929 1532 „Equidem
952 1495 1000 1525 sic
1023 1500 1144 1530 statuo,
1168 1497 1204 1522 ut
1223 1489 1411 1532 pro'o't'qmos·
1423 1499 1538 1520 nomen
1551 1487 1687 1530 Ἀρισῖις
1699 1500 1791 1529 repe-

133 1545 266 1574 tendum
282 1551 392 1584 putem
409 1545 462 1575 vel
481 1547 596 1577 invitis
615 1547 712 1579 libris
721 1549 885 1580 omnibus.
910 1548 994 1585 Quis
1006 1559 1157 1590 umquam
1167 1546 1358 1587 conjunxit:
1381 1544 1486 1579 ἐσθλὸς
1498 1544 1569 1585 ἀνὴρ
1589 1545 1644 1585 μέν’
1669 1544 1791 1585 ἄριστος,

133 1606 196 1633 quo
220 1594 304 1625 nihil
329 1596 398 1625 vidi
421 1595 611 1637 languidius
621 1600 654 1628 !“
678 1599 844 1640 Exempla
864 1602 998 1641 repetiti
1016 1602 1169 1639 nominis,
1192 1608 1263 1642 quae
1286 1608 1329 1628 ex
1354 1597 1414 1627 hoc
1436 1597 1577 1627 carmine
1600 1597 1723 1627 addidit
1746 1598 1791 1638 (v.

132 1649 174 1679 57
194 1653 226 1677 et
245 1648 297 1678 59.
322 1647 382 1677 118
403 1650 435 1677 et
459 1649 527 1680 119.
552 1651 613 1680 149
635 1656 668 1680 et
693 1652 776 1690 151.)
801 1651 841 1682 ab
865 1651 924 1682 hoc
947 1653 1018 1684 loco
1043 1654 1152 1684 aliena
1174 1659 1263 1690 sunt,
1287 1655 1319 1681 et
1342 1651 1450 1688 potius
1475 1655 1624 1688 spectant
1644 1650 1684 1680 ad
1706 1651 1792 1682 illud

134 1710 238 1741 genus
255 1700 475 1740 repetitionis,
496 1701 535 1731 de
552 1711 613 1740 quo
626 1712 727 1741 nuper
738 1704 918 1745 disputavit
937 1705 1178 1738 Schneidewin.
1201 1704 1362 1745 Conjectt.
1381 1701 1463 1733 Crit.
1475 1713 1506 1743 p.
1519 1704 1569 1735 81.
1583 1702 1793 1747 Kiesslingio

136 1752 265 1782 videtur
295 1758 394 1792 poeta
429 1753 461 1782 in
488 1753 659 1785 vocabulis
676 1755 803 1796 ’Ἁριστις
826 1764 856 1788 ct
881 1758 996 1799 ἄριστος
1024 1759 1167 1798 lusisse,
1200 1759 1294 1798 cujus
1318 1757 1366 1787 rei
1390 1755 1539 1785 desidero
1562 1767 1624 1798 ego
1644 1759 1794 1790 idoneam

136 1815 295 1837 caussam.
325 1805 484 1847 Speciosa
505 1814 556 1839 est
588 1811 751 1840 sententia
770 1810 932 1853 Briggsii,
955 1824 1012 1851 pro
1033 1813 1089 1854 μέγ’
1113 1812 1229 1853 ἄριστος
1250 1809 1458 1850 conjicientis
1480 1807 1530 1848 μὲν
1545 1809 1677 1850 Momm.
1698 1810 1796 1844 Bois-

137 1858 280 1890 sonadus
307 1865 381 1897 post
413 1860 519 1898 ἐσθλὸς
547 1861 687 1905 [ubique
711 1864 847 1895 retinuit
876 1866 909 1895 in
942 1865 1047 1897 altera
1070 1876 1196 1905 quoque
1219 1864 1365 1894 editione
1389 1863 1579 1900 scripturam
1601 1863 1697 1906 ἐσλὸς]
1722 1875 1795 1896 ⁰¹·ss-

137 1913 262 1942 tionem
291 1911 465 1953 distinxit,
498 1916 558 1946 sed
588 1923 707 1955 praeter
738 1918 976 1949 necessitatem.
1021 1918 1164 1949 Omnino
1193 1916 1336 1958 genuina
1366 1914 1496 1944 videtur
1523 1912 1623 1945 lectio
1647 1914 1798 1956 vulgata,

138 1966 233 2002 atque
257 1964 429 1995 statuenda
452 1977 526 1997 esse
549 1965 616 1998 haec
638 1967 838 2005 differentia,
871 1975 904 1999 ut
925 1968 1030 2003 ἐσθλὸς
1051 1968 1122 2008 ἀνὴρ
1144 1968 1183 1997 ad
1205 1966 1410 1996 nobilitatem
1433 1966 1577 2005 generis,
1604 1966 1659 2006 μέγ’
1682 1965 1799 2007 ἄριστος

139 2014 179 2045 ad
199 2013 311 2044 nobile
334 2014 501 2055 ingenium
523 2023 556 2047 et
578 2027 686 2048 mores
708 2017 881 2048 referatur.
916 2018 1045 2049 Aristin
1067 2025 1175 2048 autem
1195 2018 1301 2047 fuisse
1324 2016 1481 2057 quendam
1502 2016 1648 2047 sodalem
1669 2021 1701 2048 et
1716 2020 1795 2050 anti-

140 2076 213 2098 cum
226 2065 334 2105 Arati,
357 2072 391 2097 et
415 2067 513 2099 talem
535 2069 666 2107 quidem
688 2069 744 2110 qui
767 2068 951 2100 excelleret
974 2077 1044 2101 arte
1065 2071 1204 2109 poetica,
1228 2070 1390 2109 conjicere
1414 2068 1493 2099 licet
1514 2079 1556 2099 ex
1581 2069 1661 2107 ipsis
1687 2069 1796 2101 Theo-

141 2121 215 2151 criti
242 2118 374 2157 verbis,
408 2121 566 2159 imprimis
589 2132 634 2152 ex
656 2131 755 2152 versu
777 2123 866 2160 102„
890 2123 946 2164 qui
969 2131 1149 2160 suspensus
1172 2127 1223 2153 est
1245 2132 1289 2153 ex
1309 2120 1410 2152 verbo
1434 2122 1528 2153 ἅεῖδεν.
1571 2120 1654 2153 Nam
1678 2133 1795 2154 sensus
