<?xml version="1.0" encoding="UTF-8"?>
<!DOCTYPE html PUBLIC "-//W3C//DTD XHTML 1.0 Transitional//EN"
    "http://www.w3.org/TR/xhtml1/DTD/xhtml1-transitional.dtd">
<html xmlns="http://www.w3.org/1999/xhtml" xml:lang="en" lang="en">
 <head>
  <title>
</title>
<meta http-equiv="Content-Type" content="text/html;charset=utf-8" />
  <meta name='ocr-system' content='tesseract 3.04.00' />
  <meta name='ocr-capabilities' content='ocr_page ocr_carea ocr_par ocr_line ocrx_word'/>
</head>
<body>
  <div class='ocr_page' id='page_1' title='image "4624634_0016.png"; bbox 0 0 1872 2345; ppageno 0'>
   <div class='ocr_carea' id='block_1_1' title="bbox 868 33 1096 73">
    <p class='ocr_par' dir='ltr' id='par_1_1' title="bbox 868 33 1096 73">
     <span class='ocr_line' id='line_1_1' title="bbox 868 33 1096 73; baseline 0.004 -12"><span class='ocrx_word' id='word_1_1' title='bbox 868 33 1096 73; x_wconf 81' lang='grc'><strong>...8-</strong></span> 
     </span>
    </p>
   </div>
   <div class='ocr_carea' id='block_1_2' title="bbox 138 104 1807 500">
    <p class='ocr_par' dir='ltr' id='par_1_2' title="bbox 138 104 1807 500">
     <span class='ocr_line' id='line_1_2' title="bbox 144 104 1802 165; baseline 0.001 -12"><span class='ocrx_word' id='word_1_2' title='bbox 144 122 286 161; x_wconf 82' lang='lat' dir='ltr'><strong>epitheto</strong></span> <span class='ocrx_word' id='word_1_3' title='bbox 308 104 423 153; x_wconf 64' lang='lat' dir='ltr'><strong>ornata</strong></span> <span class='ocrx_word' id='word_1_4' title='bbox 446 128 518 160; x_wconf 81' lang='lat' dir='ltr'><strong>est,</strong></span> <span class='ocrx_word' id='word_1_5' title='bbox 548 131 614 152; x_wconf 85' lang='lat' dir='ltr'><strong>non</strong></span> <span class='ocrx_word' id='word_1_6' title='bbox 637 123 716 153; x_wconf 89' lang='lat' dir='ltr'><strong>item</strong></span> <span class='ocrx_word' id='word_1_7' title='bbox 742 123 848 160; x_wconf 85' lang='lat' dir='ltr'><strong>Luna,</strong></span> <span class='ocrx_word' id='word_1_8' title='bbox 880 123 912 152; x_wconf 90' lang='lat' dir='ltr'><strong>id</strong></span> <span class='ocrx_word' id='word_1_9' title='bbox 937 122 1023 163; x_wconf 85' lang='lat' dir='ltr'><strong>quod</strong></span> <span class='ocrx_word' id='word_1_10' title='bbox 1046 122 1250 154; x_wconf 76' lang='lat' dir='ltr'><strong>concinnitas</strong></span> <span class='ocrx_word' id='word_1_11' title='bbox 1272 123 1338 154; x_wconf 82' lang='lat' dir='ltr'><strong>loci</strong></span> <span class='ocrx_word' id='word_1_12' title='bbox 1359 122 1441 154; x_wconf 87' lang='lat' dir='ltr'><strong>mihi</strong></span> <span class='ocrx_word' id='word_1_13' title='bbox 1461 124 1595 155; x_wconf 84' lang='lat' dir='ltr'><strong>videtur</strong></span> <span class='ocrx_word' id='word_1_14' title='bbox 1615 122 1802 165; x_wconf 74' lang='lat' dir='ltr'><strong>postulare.</strong></span> 
     </span>
     <span class='ocr_line' id='line_1_3' title="bbox 142 176 1805 221; baseline 0.002 -12"><span class='ocrx_word' id='word_1_15' title='bbox 142 177 271 209; x_wconf 76' lang='lat' dir='ltr'><strong>Deinde</strong></span> <span class='ocrx_word' id='word_1_16' title='bbox 294 176 387 219; x_wconf 84' lang='grc' dir='ltr'><strong><em>ἅσυχα</em></strong></span> <span class='ocrx_word' id='word_1_17' title='bbox 407 176 643 209; x_wconf 78' lang='lat' dir='ltr'>adverbialiter</span> <span class='ocrx_word' id='word_1_18' title='bbox 669 180 812 217; x_wconf 82' lang='lat' dir='ltr'><strong>positum</strong></span> <span class='ocrx_word' id='word_1_19' title='bbox 833 177 1025 220; x_wconf 86' lang='lat' dir='ltr'><strong>plerumque</strong></span> <span class='ocrx_word' id='word_1_20' title='bbox 1047 177 1216 220; x_wconf 81' lang='lat' dir='ltr'><strong>significat</strong></span> <span class='ocrx_word' id='word_1_21' title='bbox 1237 178 1421 218; x_wconf 86' lang='lat' dir='ltr'><strong>leniter,</strong></span> <span class='ocrx_word' id='word_1_22' title='bbox 1442 179 1663 221; x_wconf 80' lang='lat' dir='ltr'><strong>paulatim,</strong></span> <span class='ocrx_word' id='word_1_23' title='bbox 1684 180 1805 220; x_wconf 82' lang='lat' dir='ltr'><strong>pede-</strong></span> 
     </span>
     <span class='ocr_line' id='line_1_4' title="bbox 141 233 1807 277; baseline 0.001 -11"><span class='ocrx_word' id='word_1_24' title='bbox 141 237 308 273; x_wconf 86' lang='lat' dir='ltr'><strong>tentim,</strong></span> <span class='ocrx_word' id='word_1_25' title='bbox 341 246 418 265; x_wconf 90' lang='lat' dir='ltr'><strong>num</strong></span> <span class='ocrx_word' id='word_1_26' title='bbox 441 236 539 264; x_wconf 83' lang='lat' dir='ltr'><strong>etiam</strong></span> <span class='ocrx_word' id='word_1_27' title='bbox 562 234 691 265; x_wconf 59' lang='lat' dir='ltr'><strong>clam?</strong></span> <span class='ocrx_word' id='word_1_28' title='bbox 729 233 825 270; x_wconf 84' lang='lat' dir='ltr'><strong>Quod</strong></span> <span class='ocrx_word' id='word_1_29' title='bbox 857 234 1136 275; x_wconf 78' lang='lat' dir='ltr'><strong>Weissgerberus</strong></span> <span class='ocrx_word' id='word_1_30' title='bbox 1159 236 1193 265; x_wconf 92' lang='lat' dir='ltr'><strong>in</strong></span> <span class='ocrx_word' id='word_1_31' title='bbox 1215 242 1455 276; x_wconf 78' lang='lat' dir='ltr'><strong>programmate</strong></span> <span class='ocrx_word' id='word_1_32' title='bbox 1478 235 1696 277; x_wconf 80' lang='lat' dir='ltr'><strong>Friburgensi</strong></span> <span class='ocrx_word' id='word_1_33' title='bbox 1729 237 1807 267; x_wconf 80' lang='lat' dir='ltr'><strong>anni</strong></span> 
     </span>
     <span class='ocr_line' id='line_1_5' title="bbox 141 289 1804 333; baseline 0.001 -11"><span class='ocrx_word' id='word_1_34' title='bbox 141 293 222 324; x_wconf 79' lang='lat'>1828</span> <span class='ocrx_word' id='word_1_35' title='bbox 255 291 445 331; x_wconf 80' lang='lat' dir='ltr'><strong>proposuit:</strong></span> <span class='ocrx_word' id='word_1_36' title='bbox 484 290 698 328; x_wconf 80' lang='lat' dir='ltr'><strong>profundo</strong></span> <span class='ocrx_word' id='word_1_37' title='bbox 731 291 878 320; x_wconf 87' lang='lat' dir='ltr'><strong>noctis</strong></span> <span class='ocrx_word' id='word_1_38' title='bbox 917 289 1129 329; x_wconf 86' lang='lat' dir='ltr'><strong>silentio,</strong></span> <span class='ocrx_word' id='word_1_39' title='bbox 1176 290 1211 321; x_wconf 86' lang='lat' dir='ltr'><strong>id</strong></span> <span class='ocrx_word' id='word_1_40' title='bbox 1239 292 1318 333; x_wconf 85' lang='lat' dir='ltr'><strong>quin</strong></span> <span class='ocrx_word' id='word_1_41' title='bbox 1349 301 1455 333; x_wconf 79' lang='lat' dir='ltr'><strong>graece</strong></span> <span class='ocrx_word' id='word_1_42' title='bbox 1484 291 1606 323; x_wconf 81' lang='lat' dir='ltr'><strong>dictum</strong></span> <span class='ocrx_word' id='word_1_43' title='bbox 1632 294 1678 324; x_wconf 85' lang='lat' dir='ltr'><strong>sit</strong></span> <span class='ocrx_word' id='word_1_44' title='bbox 1708 292 1804 324; x_wconf 84' lang='lat' dir='ltr'><strong>dubi-</strong></span> 
     </span>
     <span class='ocr_line' id='line_1_6' title="bbox 141 345 1805 387; baseline -0.001 -7"><span class='ocrx_word' id='word_1_45' title='bbox 141 349 273 380; x_wconf 84' lang='lat' dir='ltr'><strong>tandum</strong></span> <span class='ocrx_word' id='word_1_46' title='bbox 298 353 368 385; x_wconf 88' lang='lat' dir='ltr'><strong>est,</strong></span> <span class='ocrx_word' id='word_1_47' title='bbox 392 346 496 377; x_wconf 87' lang='lat' dir='ltr'><strong>donec</strong></span> <span class='ocrx_word' id='word_1_48' title='bbox 519 347 648 377; x_wconf 83' lang='lat' dir='ltr'><strong>idoneis</strong></span> <span class='ocrx_word' id='word_1_49' title='bbox 673 346 755 377; x_wconf 89' lang='lat' dir='ltr'><strong>locis</strong></span> <span class='ocrx_word' id='word_1_50' title='bbox 779 345 948 386; x_wconf 85' lang='lat' dir='ltr'><strong>probatur.</strong></span> <span class='ocrx_word' id='word_1_51' title='bbox 993 345 1106 384; x_wconf 84' lang='lat' dir='ltr'><strong>ltaque</strong></span> <span class='ocrx_word' id='word_1_52' title='bbox 1129 347 1164 376; x_wconf 86' lang='lat' dir='ltr'><strong>in</strong></span> <span class='ocrx_word' id='word_1_53' title='bbox 1187 357 1258 377; x_wconf 82' lang='lat' dir='ltr'><strong>eam</strong></span> <span class='ocrx_word' id='word_1_54' title='bbox 1281 349 1476 378; x_wconf 80' lang='lat' dir='ltr'><strong>sententiam</strong></span> <span class='ocrx_word' id='word_1_55' title='bbox 1500 348 1639 379; x_wconf 83' lang='lat' dir='ltr'><strong>inclinat</strong></span> <span class='ocrx_word' id='word_1_56' title='bbox 1661 349 1805 387; x_wconf 71' lang='lat' dir='ltr'><strong>animus,</strong></span> 
     </span>
     <span class='ocr_line' id='line_1_7' title="bbox 138 400 1803 446; baseline 0 -11"><span class='ocrx_word' id='word_1_57' title='bbox 138 411 175 435; x_wconf 85' lang='lat' dir='ltr'><strong>ut</strong></span> <span class='ocrx_word' id='word_1_58' title='bbox 206 413 316 434; x_wconf 77' lang='lat' dir='ltr'><strong>veram</strong></span> <span class='ocrx_word' id='word_1_59' title='bbox 344 409 456 443; x_wconf 84' lang='lat' dir='ltr'><strong>putem</strong></span> <span class='ocrx_word' id='word_1_60' title='bbox 486 403 704 442; x_wconf 80' lang='lat' dir='ltr'><strong>conjecturam</strong></span> <span class='ocrx_word' id='word_1_61' title='bbox 727 401 932 443; x_wconf 83' lang='lat' dir='ltr'><strong>Kiesslingii</strong></span> <span class='ocrx_word' id='word_1_62' title='bbox 955 400 1044 443; x_wconf 80' lang='grc' dir='ltr'><em>ἅσυχε</em></span> <span class='ocrx_word' id='word_1_63' title='bbox 1065 404 1172 442; x_wconf 74' lang='grc' dir='ltr'><strong>δαῖμον.</strong></span> <span class='ocrx_word' id='word_1_64' title='bbox 1216 401 1337 433; x_wconf 79' lang='lat' dir='ltr'><strong>Paullo</strong></span> <span class='ocrx_word' id='word_1_65' title='bbox 1360 402 1459 435; x_wconf 72' lang='lat' dir='ltr'><strong>aliter</strong></span> <span class='ocrx_word' id='word_1_66' title='bbox 1480 404 1569 446; x_wconf 79' lang='lat' dir='ltr'><strong>apud</strong></span> <span class='ocrx_word' id='word_1_67' title='bbox 1592 404 1709 436; x_wconf 83' lang='lat' dir='ltr'><strong>Horat.</strong></span> <span class='ocrx_word' id='word_1_68' title='bbox 1734 403 1803 436; x_wconf 80' lang='lat' dir='ltr'><strong>Sat.</strong></span> 
     </span>
     <span class='ocr_line' id='line_1_8' title="bbox 139 459 706 500; baseline -0.005 -9"><span class='ocrx_word' id='word_1_69' title='bbox 139 460 165 500; x_wconf 89' lang='lat' dir='ltr'><strong>I,</strong></span> <span class='ocrx_word' id='word_1_70' title='bbox 187 462 219 499; x_wconf 87' lang='grc'><strong>8,</strong></span> <span class='ocrx_word' id='word_1_71' title='bbox 241 461 294 491; x_wconf 74' lang='lat'><strong>21.</strong></span> <span class='ocrx_word' id='word_1_72' title='bbox 318 469 430 500; x_wconf 75' lang='lat' dir='ltr'><strong>„vaga</strong></span> <span class='ocrx_word' id='word_1_73' title='bbox 449 459 550 490; x_wconf 87' lang='lat' dir='ltr'><strong>luna“</strong></span> <span class='ocrx_word' id='word_1_74' title='bbox 576 459 706 489; x_wconf 84' lang='lat' dir='ltr'><strong>dicitur.</strong></span> 
     </span>
    </p>
   </div>
   <div class='ocr_carea' id='block_1_3' title="bbox 223 537 1800 580">
    <p class='ocr_par' dir='ltr' id='par_1_3' title="bbox 223 537 1800 580">
     <span class='ocr_line' id='line_1_9' title="bbox 223 537 1800 580; baseline 0.001 -9"><span class='ocrx_word' id='word_1_75' title='bbox 223 539 268 571; x_wconf 72' lang='lat' dir='ltr'><strong>V.</strong></span> <span class='ocrx_word' id='word_1_76' title='bbox 293 540 343 571; x_wconf 86' lang='lat'><strong>15.</strong></span> <span class='ocrx_word' id='word_1_77' title='bbox 394 537 499 570; x_wconf 84' lang='lat' dir='ltr'>Usum</span> <span class='ocrx_word' id='word_1_78' title='bbox 525 539 735 578; x_wconf 85' lang='lat' dir='ltr'><strong>comparativi</strong></span> <span class='ocrx_word' id='word_1_79' title='bbox 767 540 1042 579; x_wconf 74' lang='lat' dir='ltr'><strong>compendiat-ium</strong></span> <span class='ocrx_word' id='word_1_80' title='bbox 1064 545 1100 570; x_wconf 88' lang='lat' dir='ltr'><strong>ut</strong></span> <span class='ocrx_word' id='word_1_81' title='bbox 1127 538 1311 571; x_wconf 84' lang='lat' dir='ltr'><strong>illustraret</strong></span> <span class='ocrx_word' id='word_1_82' title='bbox 1341 538 1551 580; x_wconf 57' lang='lat' dir='ltr'><strong>questern„</strong></span> <span class='ocrx_word' id='word_1_83' title='bbox 1568 539 1691 572; x_wconf 80' lang='lat' dir='ltr'><strong>multos</strong></span> <span class='ocrx_word' id='word_1_84' title='bbox 1709 540 1800 571; x_wconf 81' lang='lat' dir='ltr'><strong>viros</strong></span> 
     </span>
    </p>
   </div>
   <div class='ocr_carea' id='block_1_4' title="bbox 140 595 1802 691">
    <p class='ocr_par' dir='ltr' id='par_1_4' title="bbox 140 595 1802 691">
     <span class='ocr_line' id='line_1_10' title="bbox 141 595 1802 639; baseline -0.001 -10"><span class='ocrx_word' id='word_1_85' title='bbox 141 599 255 629; x_wconf 84' lang='lat' dir='ltr'><strong>doctos</strong></span> <span class='ocrx_word' id='word_1_86' title='bbox 287 596 446 626; x_wconf 81' lang='lat' dir='ltr'><strong>laudavit.</strong></span> <span class='ocrx_word' id='word_1_87' title='bbox 490 596 555 626; x_wconf 82' lang='lat' dir='ltr'><strong>Sed</strong></span> <span class='ocrx_word' id='word_1_88' title='bbox 583 597 689 634; x_wconf 84' lang='lat' dir='ltr'><strong>potuit</strong></span> <span class='ocrx_word' id='word_1_89' title='bbox 719 606 913 636; x_wconf 86' lang='lat' dir='ltr'><strong>componere</strong></span> <span class='ocrx_word' id='word_1_90' title='bbox 946 595 1102 636; x_wconf 86' lang='lat' dir='ltr'><strong>exempla</strong></span> <span class='ocrx_word' id='word_1_91' title='bbox 1124 595 1324 628; x_wconf 82' lang='lat' dir='ltr'><strong>Theocritea</strong></span> <span class='ocrx_word' id='word_1_92' title='bbox 1356 597 1424 636; x_wconf 85' lang='lat' dir='ltr'><strong>VI,</strong></span> <span class='ocrx_word' id='word_1_93' title='bbox 1453 598 1504 630; x_wconf 78' lang='lat'><strong>38.</strong></span> <span class='ocrx_word' id='word_1_94' title='bbox 1539 598 1744 639; x_wconf 83' lang='lat' dir='ltr'><strong>(quamquam</strong></span> <span class='ocrx_word' id='word_1_95' title='bbox 1766 598 1802 627; x_wconf 84' lang='lat' dir='ltr'><strong>in</strong></span> 
     </span>
     <span class='ocr_line' id='line_1_11' title="bbox 140 650 1160 691; baseline -0.002 -7"><span class='ocrx_word' id='word_1_96' title='bbox 140 654 172 685; x_wconf 90' lang='lat' dir='ltr'><strong>h.</strong></span> <span class='ocrx_word' id='word_1_97' title='bbox 197 654 220 684; x_wconf 91' lang='lat' dir='ltr'><strong>l.</strong></span> <span class='ocrx_word' id='word_1_98' title='bbox 245 653 419 691; x_wconf 84' lang='lat' dir='ltr'><strong>dissentio,</strong></span> <span class='ocrx_word' id='word_1_99' title='bbox 442 655 478 682; x_wconf 80' lang='lat' dir='ltr'><strong>ut:</strong></span> <span class='ocrx_word' id='word_1_100' title='bbox 499 652 587 682; x_wconf 78' lang='lat' dir='ltr'><strong>infra</strong></span> <span class='ocrx_word' id='word_1_101' title='bbox 606 651 757 690; x_wconf 87' lang='lat' dir='ltr'><strong>monebo)</strong></span> <span class='ocrx_word' id='word_1_102' title='bbox 780 651 875 691; x_wconf 82' lang='lat' dir='ltr'><strong>XX,</strong></span> <span class='ocrx_word' id='word_1_103' title='bbox 896 654 947 685; x_wconf 76' lang='lat'><strong>25.</strong></span> <span class='ocrx_word' id='word_1_104' title='bbox 969 650 1109 691; x_wconf 86' lang='lat' dir='ltr'>XXIX,</span> <span class='ocrx_word' id='word_1_105' title='bbox 1129 653 1160 684; x_wconf 80' lang='lat'><strong>7.</strong></span> 
     </span>
    </p>
   </div>
   <div class='ocr_carea' id='block_1_5' title="bbox 220 740 1172 782">
    <p class='ocr_par' dir='ltr' id='par_1_5' title="bbox 220 740 1172 782">
     <span class='ocr_line' id='line_1_12' title="bbox 220 740 1172 782; baseline 0 -10"><span class='ocrx_word' id='word_1_106' title='bbox 220 740 265 772; x_wconf 84' lang='lat' dir='ltr'><strong>V.</strong></span> <span class='ocrx_word' id='word_1_107' title='bbox 288 742 331 772; x_wconf 72' lang='lat'><strong>24</strong></span> <span class='ocrx_word' id='word_1_108' title='bbox 333 761 554 772; x_wconf 85' lang='grc'><strong>.....</strong></span> <span class='ocrx_word' id='word_1_109' title='bbox 596 741 655 781; x_wconf 82' lang='grc' dir='ltr'><strong>χῶς</strong></span> <span class='ocrx_word' id='word_1_110' title='bbox 676 740 751 772; x_wconf 78' lang='grc' dir='ltr'>αὐτὰ</span> <span class='ocrx_word' id='word_1_111' title='bbox 772 743 854 772; x_wconf 78' lang='grc' dir='ltr'><strong>λακεῖ</strong></span> <span class='ocrx_word' id='word_1_112' title='bbox 868 741 940 782; x_wconf 73' lang='grc' dir='ltr'><strong>μέγα</strong></span> <span class='ocrx_word' id='word_1_113' title='bbox 961 741 1172 782; x_wconf 75' lang='grc' dir='ltr'><strong>καππυρῖσασα.</strong></span> 
     </span>
    </p>
   </div>
   <div class='ocr_carea' id='block_1_6' title="bbox 140 820 1801 1145">
    <p class='ocr_par' dir='ltr' id='par_1_6' title="bbox 140 820 1801 1145">
     <span class='ocr_line' id='line_1_13' title="bbox 224 820 1800 866; baseline -0.001 -12"><span class='ocrx_word' id='word_1_114' title='bbox 224 822 278 854; x_wconf 90' lang='lat' dir='ltr'><strong>Ad</strong></span> <span class='ocrx_word' id='word_1_115' title='bbox 300 821 383 852; x_wconf 89' lang='lat' dir='ltr'><strong>hanc</strong></span> <span class='ocrx_word' id='word_1_116' title='bbox 406 823 602 862; x_wconf 81' lang='lat' dir='ltr'><strong>scripturam</strong></span> <span class='ocrx_word' id='word_1_117' title='bbox 621 822 810 863; x_wconf 73' lang='lat' dir='ltr'><strong>vulgatam,</strong></span> <span class='ocrx_word' id='word_1_118' title='bbox 831 832 927 866; x_wconf 87' lang='lat' dir='ltr'><strong>quam</strong></span> <span class='ocrx_word' id='word_1_119' title='bbox 950 824 1149 853; x_wconf 79' lang='lat' dir='ltr'><strong>recentiores</strong></span> <span class='ocrx_word' id='word_1_120' title='bbox 1168 823 1245 862; x_wconf 89' lang='lat' dir='ltr'><strong>jure</strong></span> <span class='ocrx_word' id='word_1_121' title='bbox 1267 820 1509 863; x_wconf 80' lang='lat' dir='ltr'><strong>probaverunt,</strong></span> <span class='ocrx_word' id='word_1_122' title='bbox 1534 822 1686 853; x_wconf 79' lang='lat' dir='ltr'><strong>tuendam</strong></span> <span class='ocrx_word' id='word_1_123' title='bbox 1709 833 1800 854; x_wconf 78' lang='lat' dir='ltr'><strong>acce-</strong></span> 
     </span>
     <span class='ocr_line' id='line_1_14' title="bbox 140 877 1801 921; baseline 0 -10"><span class='ocrx_word' id='word_1_124' title='bbox 140 881 187 911; x_wconf 81' lang='lat' dir='ltr'><strong>dit</strong></span> <span class='ocrx_word' id='word_1_125' title='bbox 211 880 309 909; x_wconf 82' lang='lat' dir='ltr'><strong>etiam</strong></span> <span class='ocrx_word' id='word_1_126' title='bbox 333 878 438 917; x_wconf 78' lang='lat' dir='ltr'><strong>Etym.</strong></span> <span class='ocrx_word' id='word_1_127' title='bbox 462 877 545 908; x_wconf 79' lang='lat' dir='ltr'><strong>Gnd.</strong></span> <span class='ocrx_word' id='word_1_128' title='bbox 568 888 595 908; x_wconf 85' lang='lat' dir='ltr'><strong>s.</strong></span> <span class='ocrx_word' id='word_1_129' title='bbox 620 889 650 909; x_wconf 90' lang='lat' dir='ltr'><strong>v.</strong></span> <span class='ocrx_word' id='word_1_130' title='bbox 672 878 776 919; x_wconf 72' lang='grc' dir='ltr'><em>Δάφνη</em></span> <span class='ocrx_word' id='word_1_131' title='bbox 798 889 828 917; x_wconf 87' lang='lat' dir='ltr'><strong>p.</strong></span> <span class='ocrx_word' id='word_1_132' title='bbox 854 879 928 917; x_wconf 73' lang='lat'><strong>135,</strong></span> <span class='ocrx_word' id='word_1_133' title='bbox 960 880 1011 910; x_wconf 76' lang='lat'><strong>26.</strong></span> <span class='ocrx_word' id='word_1_134' title='bbox 1034 879 1084 909; x_wconf 90' lang='lat' dir='ltr'><strong>ed.</strong></span> <span class='ocrx_word' id='word_1_135' title='bbox 1106 877 1214 909; x_wconf 84' lang='lat' dir='ltr'><strong>Sturz.</strong></span> <span class='ocrx_word' id='word_1_136' title='bbox 1254 878 1317 919; x_wconf 74' lang='grc' dir='ltr'><strong><em>ἠχεῖ</em></strong></span> <span class='ocrx_word' id='word_1_137' title='bbox 1333 878 1387 920; x_wconf 78' lang='grc' dir='ltr'><strong>γὰρ</strong></span> <span class='ocrx_word' id='word_1_138' title='bbox 1408 878 1546 919; x_wconf 70' lang='grc' dir='ltr'><strong>καιομένη.</strong></span> <span class='ocrx_word' id='word_1_139' title='bbox 1575 884 1714 921; x_wconf 80' lang='grc' dir='ltr'><strong><em>μαρτυρεῖ</em></strong></span> <span class='ocrx_word' id='word_1_140' title='bbox 1734 879 1801 912; x_wconf 84' lang='grc' dir='ltr'><em>Θεό-</em></span> 
     </span>
     <span class='ocr_line' id='line_1_15' title="bbox 140 934 1800 977; baseline 0.001 -12"><span class='ocrx_word' id='word_1_141' title='bbox 140 947 239 977; x_wconf 50' lang='grc' dir='ltr'><strong>κριτος</strong></span> <span class='ocrx_word' id='word_1_142' title='bbox 283 935 366 969; x_wconf 71' lang='grc' dir='ltr'><strong><em>Χ’ὡ,·</em></strong></span> <span class='ocrx_word' id='word_1_143' title='bbox 388 934 462 966; x_wconf 76' lang='grc' dir='ltr'><strong>αὐτὰ</strong></span> <span class='ocrx_word' id='word_1_144' title='bbox 483 938 588 965; x_wconf 75' lang='grc' dir='ltr'><strong><em>λακκον</em></strong></span> <span class='ocrx_word' id='word_1_145' title='bbox 610 936 684 975; x_wconf 87' lang='lat' dir='ltr'><strong>(sic)</strong></span> <span class='ocrx_word' id='word_1_146' title='bbox 703 936 775 976; x_wconf 65' lang='grc' dir='ltr'><strong>μέγα</strong></span> <span class='ocrx_word' id='word_1_147' title='bbox 796 936 1004 976; x_wconf 67' lang='grc' dir='ltr'><strong>κακπυριῖτασα.</strong></span> <span class='ocrx_word' id='word_1_148' title='bbox 1047 934 1153 971; x_wconf 80' lang='lat' dir='ltr'><strong>Quam</strong></span> <span class='ocrx_word' id='word_1_149' title='bbox 1186 942 1366 966; x_wconf 82' lang='lat' dir='ltr'><strong>extremam</strong></span> <span class='ocrx_word' id='word_1_150' title='bbox 1390 947 1502 966; x_wconf 89' lang='lat' dir='ltr'><strong>vocem</strong></span> <span class='ocrx_word' id='word_1_151' title='bbox 1527 938 1629 966; x_wconf 83' lang='lat' dir='ltr'><strong>tacito</strong></span> <span class='ocrx_word' id='word_1_152' title='bbox 1651 938 1800 967; x_wconf 87' lang='lat' dir='ltr'><strong>correxit</strong></span> 
     </span>
     <span class='ocr_line' id='line_1_16' title="bbox 141 990 1800 1032; baseline 0 -9"><span class='ocrx_word' id='word_1_153' title='bbox 141 993 178 1023; x_wconf 78' lang='lat' dir='ltr'><strong>F.</strong></span> <span class='ocrx_word' id='word_1_154' title='bbox 202 992 241 1023; x_wconf 87' lang='lat' dir='ltr'><strong>G.</strong></span> <span class='ocrx_word' id='word_1_155' title='bbox 267 991 508 1021; x_wconf 68' lang='lat' dir='ltr'><strong>Schneidewin.</strong></span> <span class='ocrx_word' id='word_1_156' title='bbox 553 990 713 1030; x_wconf 78' lang='lat' dir='ltr'><strong>Conjectt.</strong></span> <span class='ocrx_word' id='word_1_157' title='bbox 738 990 835 1024; x_wconf 85' lang='lat' dir='ltr'><strong>Critt.</strong></span> <span class='ocrx_word' id='word_1_158' title='bbox 858 1003 891 1032; x_wconf 89' lang='lat' dir='ltr'><strong>p.</strong></span> <span class='ocrx_word' id='word_1_159' title='bbox 916 993 987 1024; x_wconf 82' lang='lat'><strong>167.</strong></span> <span class='ocrx_word' id='word_1_160' title='bbox 1030 990 1082 1021; x_wconf 88' lang='lat' dir='ltr'><strong>Ad</strong></span> <span class='ocrx_word' id='word_1_161' title='bbox 1106 990 1213 1021; x_wconf 89' lang='lat' dir='ltr'><strong>locum</strong></span> <span class='ocrx_word' id='word_1_162' title='bbox 1233 991 1339 1031; x_wconf 75' lang='lat' dir='ltr'><strong>Etym.</strong></span> <span class='ocrx_word' id='word_1_163' title='bbox 1359 990 1406 1021; x_wconf 85' lang='lat' dir='ltr'><strong>M.</strong></span> <span class='ocrx_word' id='word_1_164' title='bbox 1429 1001 1459 1029; x_wconf 85' lang='lat' dir='ltr'><strong>p.</strong></span> <span class='ocrx_word' id='word_1_165' title='bbox 1483 993 1554 1030; x_wconf 72' lang='lat'><strong>250,</strong></span> <span class='ocrx_word' id='word_1_166' title='bbox 1573 993 1625 1023; x_wconf 84' lang='lat'><strong>35.</strong></span> <span class='ocrx_word' id='word_1_167' title='bbox 1645 994 1714 1032; x_wconf 79' lang='lat' dir='ltr'><strong>jam</strong></span> <span class='ocrx_word' id='word_1_168' title='bbox 1739 1003 1800 1023; x_wconf 87' lang='lat' dir='ltr'><strong>ex-</strong></span> 
     </span>
     <span class='ocr_line' id='line_1_17' title="bbox 141 1046 1798 1091; baseline 0 -11"><span class='ocrx_word' id='word_1_169' title='bbox 141 1049 244 1091; x_wconf 85' lang='lat' dir='ltr'><strong>plicat</strong></span> <span class='ocrx_word' id='word_1_170' title='bbox 268 1047 425 1088; x_wconf 67' lang='lat' dir='ltr'><strong>Sylburg.</strong></span> <span class='ocrx_word' id='word_1_171' title='bbox 452 1047 627 1087; x_wconf 73' lang='grc' dir='ltr'><strong>καππυρίσαι</strong></span> <span class='ocrx_word' id='word_1_172' title='bbox 655 1048 724 1088; x_wconf 88' lang='lat' dir='ltr'><strong>ign</strong></span> <span class='ocrx_word' id='word_1_173' title='bbox 737 1058 794 1078; x_wconf 84' lang='lat' dir='ltr'><strong>em</strong></span> <span class='ocrx_word' id='word_1_174' title='bbox 822 1050 1065 1087; x_wconf 82' lang='lat' dir='ltr'><strong>concipere.</strong></span> <span class='ocrx_word' id='word_1_175' title='bbox 1109 1046 1190 1077; x_wconf 87' lang='lat' dir='ltr'><strong>Cum</strong></span> <span class='ocrx_word' id='word_1_176' title='bbox 1219 1046 1373 1078; x_wconf 85' lang='lat' dir='ltr'><strong>versibus</strong></span> <span class='ocrx_word' id='word_1_177' title='bbox 1402 1048 1554 1088; x_wconf 86' lang='lat' dir='ltr'><strong>proxime</strong></span> <span class='ocrx_word' id='word_1_178' title='bbox 1584 1048 1798 1087; x_wconf 80' lang='lat' dir='ltr'><strong>sequentibus</strong></span> 
     </span>
     <span class='ocr_line' id='line_1_18' title="bbox 142 1101 1528 1145; baseline 0.001 -13"><span class='ocrx_word' id='word_1_179' title='bbox 142 1106 184 1136; x_wconf 87' lang='lat' dir='ltr'><strong>cf.</strong></span> <span class='ocrx_word' id='word_1_180' title='bbox 229 1104 312 1135; x_wconf 84' lang='lat' dir='ltr'><strong>Hor.</strong></span> <span class='ocrx_word' id='word_1_181' title='bbox 334 1103 396 1144; x_wconf 87' lang='lat' dir='ltr'><strong>Ep.</strong></span> <span class='ocrx_word' id='word_1_182' title='bbox 422 1103 464 1141; x_wconf 89' lang='lat' dir='ltr'><strong>V,</strong></span> <span class='ocrx_word' id='word_1_183' title='bbox 488 1104 539 1135; x_wconf 78' lang='grc'><strong>81.</strong></span> <span class='ocrx_word' id='word_1_184' title='bbox 564 1114 698 1141; x_wconf 79' lang='lat' dir='ltr'><strong>„uinorc</strong></span> <span class='ocrx_word' id='word_1_185' title='bbox 721 1104 769 1134; x_wconf 84' lang='lat' dir='ltr'><strong>sie</strong></span> <span class='ocrx_word' id='word_1_186' title='bbox 788 1115 859 1135; x_wconf 84' lang='lat' dir='ltr'><strong>meo</strong></span> <span class='ocrx_word' id='word_1_187' title='bbox 881 1105 1001 1145; x_wconf 82' lang='lat' dir='ltr'><strong>flagres</strong></span> <span class='ocrx_word' id='word_1_188' title='bbox 1026 1109 1062 1133; x_wconf 93' lang='lat' dir='ltr'><strong>ut</strong></span> <span class='ocrx_word' id='word_1_189' title='bbox 1084 1101 1229 1133; x_wconf 84' lang='lat' dir='ltr'><strong>bitumen</strong></span> <span class='ocrx_word' id='word_1_190' title='bbox 1252 1104 1333 1133; x_wconf 83' lang='lat' dir='ltr'><strong>atris</strong></span> <span class='ocrx_word' id='word_1_191' title='bbox 1356 1103 1528 1144; x_wconf 84' lang='lat' dir='ltr'><strong>ignibus.“</strong></span> 
     </span>
    </p>
   </div>
   <div class='ocr_carea' id='block_1_7' title="bbox 224 1199 1107 1241">
    <p class='ocr_par' dir='ltr' id='par_1_7' title="bbox 224 1199 1107 1241">
     <span class='ocr_line' id='line_1_19' title="bbox 224 1199 1107 1241; baseline -0.002 -8"><span class='ocrx_word' id='word_1_192' title='bbox 224 1201 269 1232; x_wconf 67' lang='grc' dir='ltr'><strong>Ῡ.</strong></span> <span class='ocrx_word' id='word_1_193' title='bbox 291 1203 341 1233; x_wconf 73' lang='grc'><strong>28.</strong></span> <span class='ocrx_word' id='word_1_194' title='bbox 386 1200 424 1235; x_wconf 74' lang='grc' dir='ltr'><strong>ὡς</strong></span> <span class='ocrx_word' id='word_1_195' title='bbox 445 1203 544 1231; x_wconf 82' lang='grc' dir='ltr'>τοῦτον</span> <span class='ocrx_word' id='word_1_196' title='bbox 565 1199 615 1231; x_wconf 82' lang='grc' dir='ltr'><strong>τὸν</strong></span> <span class='ocrx_word' id='word_1_197' title='bbox 635 1200 723 1240; x_wconf 62' lang='lat' dir='ltr'><strong>maozin</strong></span> <span class='ocrx_word' id='word_1_198' title='bbox 744 1200 796 1241; x_wconf 77' lang='grc' dir='ltr'><strong>ἐγὼ</strong></span> <span class='ocrx_word' id='word_1_199' title='bbox 817 1201 868 1233; x_wconf 82' lang='grc' dir='ltr'><strong>σὺν</strong></span> <span class='ocrx_word' id='word_1_200' title='bbox 888 1202 998 1241; x_wconf 77' lang='grc' dir='ltr'><strong><em>δαίμονι</em></strong></span> <span class='ocrx_word' id='word_1_201' title='bbox 1019 1201 1107 1237; x_wconf 66' lang='lat' dir='ltr'><strong>nium,</strong></span> 
     </span>
    </p>
   </div>
   <div class='ocr_carea' id='block_1_8' title="bbox 392 1256 1202 1298">
    <p class='ocr_par' dir='ltr' id='par_1_8' title="bbox 392 1256 1202 1298">
     <span class='ocr_line' id='line_1_20' title="bbox 392 1256 1202 1298; baseline 0.001 -11"><span class='ocrx_word' id='word_1_202' title='bbox 392 1256 431 1291; x_wconf 73' lang='grc' dir='ltr'><strong>ὣς</strong></span> <span class='ocrx_word' id='word_1_203' title='bbox 452 1257 564 1288; x_wconf 55' lang='grc' dir='ltr'><strong>τάκοιῧ</strong></span> <span class='ocrx_word' id='word_1_204' title='bbox 587 1256 632 1288; x_wconf 80' lang='grc' dir='ltr'><strong>ὑπ’</strong></span> <span class='ocrx_word' id='word_1_205' title='bbox 655 1257 759 1298; x_wconf 72' lang='grc' dir='ltr'><em>ἔρωτος</em></span> <span class='ocrx_word' id='word_1_206' title='bbox 780 1258 796 1289; x_wconf 84' lang='grc' dir='ltr'>ὁ</span> <span class='ocrx_word' id='word_1_207' title='bbox 819 1258 944 1293; x_wconf 50' lang='grc' dir='ltr'><strong>κῚΙύνδιος</strong></span> <span class='ocrx_word' id='word_1_208' title='bbox 965 1257 1067 1289; x_wconf 74' lang='grc' dir='ltr'><em>αὐτίκα</em></span> <span class='ocrx_word' id='word_1_209' title='bbox 1087 1256 1202 1298; x_wconf 70' lang='grc' dir='ltr'><strong>ΔεΊ-φις.</strong></span> 
     </span>
    </p>
   </div>
   <div class='ocr_carea' id='block_1_9' title="bbox 137 1337 1798 1833">
    <p class='ocr_par' dir='ltr' id='par_1_9' title="bbox 137 1337 1798 1833">
     <span class='ocr_line' id='line_1_21' title="bbox 220 1337 1796 1378; baseline -0.001 -8"><span class='ocrx_word' id='word_1_210' title='bbox 220 1340 273 1370; x_wconf 90' lang='lat' dir='ltr'><strong>De</strong></span> <span class='ocrx_word' id='word_1_211' title='bbox 296 1348 377 1369; x_wconf 74' lang='lat' dir='ltr'><strong>cera:</strong></span> <span class='ocrx_word' id='word_1_212' title='bbox 398 1348 479 1376; x_wconf 85' lang='lat' dir='ltr'><strong>usu,</strong></span> <span class='ocrx_word' id='word_1_213' title='bbox 504 1339 559 1376; x_wconf 89' lang='lat' dir='ltr'><strong>qui</strong></span> <span class='ocrx_word' id='word_1_214' title='bbox 581 1338 645 1369; x_wconf 88' lang='lat' dir='ltr'><strong>fuit</strong></span> <span class='ocrx_word' id='word_1_215' title='bbox 666 1340 699 1369; x_wconf 90' lang='lat' dir='ltr'><strong>in</strong></span> <span class='ocrx_word' id='word_1_216' title='bbox 722 1338 1019 1377; x_wconf 85' lang='lat' dir='ltr'><strong>incantationibus,</strong></span> <span class='ocrx_word' id='word_1_217' title='bbox 1042 1339 1151 1369; x_wconf 83' lang='lat' dir='ltr'><strong>fusius</strong></span> <span class='ocrx_word' id='word_1_218' title='bbox 1174 1344 1405 1378; x_wconf 82' lang='lat' dir='ltr'><strong>exposuerunt</strong></span> <span class='ocrx_word' id='word_1_219' title='bbox 1428 1348 1507 1377; x_wconf 86' lang='lat' dir='ltr'><strong>quos</strong></span> <span class='ocrx_word' id='word_1_220' title='bbox 1531 1339 1674 1370; x_wconf 83' lang='lat' dir='ltr'><strong>afferunt</strong></span> <span class='ocrx_word' id='word_1_221' title='bbox 1693 1337 1796 1369; x_wconf 88' lang='lat' dir='ltr'><strong>Gaul-</strong></span> 
     </span>
     <span class='ocr_line' id='line_1_22' title="bbox 141 1393 1798 1436; baseline -0.001 -9"><span class='ocrx_word' id='word_1_222' title='bbox 141 1398 248 1428; x_wconf 76' lang='lat' dir='ltr'><strong>minus</strong></span> <span class='ocrx_word' id='word_1_223' title='bbox 273 1401 305 1425; x_wconf 86' lang='lat' dir='ltr'><strong>et</strong></span> <span class='ocrx_word' id='word_1_224' title='bbox 329 1393 552 1426; x_wconf 78' lang='lat' dir='ltr'><strong>Boissonadus</strong></span> <span class='ocrx_word' id='word_1_225' title='bbox 576 1396 609 1425; x_wconf 90' lang='lat' dir='ltr'><strong>in</strong></span> <span class='ocrx_word' id='word_1_226' title='bbox 633 1395 781 1426; x_wconf 83' lang='lat' dir='ltr'><strong>Psellnm</strong></span> <span class='ocrx_word' id='word_1_227' title='bbox 805 1396 845 1426; x_wconf 85' lang='lat' dir='ltr'><strong>de</strong></span> <span class='ocrx_word' id='word_1_228' title='bbox 870 1396 1056 1434; x_wconf 73' lang='lat' dir='ltr'><strong>operatione</strong></span> <span class='ocrx_word' id='word_1_229' title='bbox 1082 1396 1281 1432; x_wconf 83' lang='lat' dir='ltr'><strong>daemonum,</strong></span> <span class='ocrx_word' id='word_1_230' title='bbox 1309 1393 1535 1436; x_wconf 75' lang='lat' dir='ltr'><strong>Norinibergoe</strong></span> <span class='ocrx_word' id='word_1_231' title='bbox 1559 1397 1649 1428; x_wconf 82' lang='lat'><strong>1838.</strong></span> <span class='ocrx_word' id='word_1_232' title='bbox 1674 1396 1798 1427; x_wconf 88' lang='lat' dir='ltr'><strong>editum</strong></span> 
     </span>
     <span class='ocr_line' id='line_1_23' title="bbox 141 1450 1796 1492; baseline 0.001 -11"><span class='ocrx_word' id='word_1_233' title='bbox 141 1465 170 1492; x_wconf 80' lang='lat' dir='ltr'><strong>p.</strong></span> <span class='ocrx_word' id='word_1_234' title='bbox 194 1454 265 1484; x_wconf 70' lang='lat'><strong>268.</strong></span> <span class='ocrx_word' id='word_1_235' title='bbox 310 1451 417 1481; x_wconf 75' lang='lat' dir='ltr'><strong>Etiam</strong></span> <span class='ocrx_word' id='word_1_236' title='bbox 449 1452 637 1481; x_wconf 80' lang='lat' dir='ltr'><strong>sacerdotes</strong></span> <span class='ocrx_word' id='word_1_237' title='bbox 669 1452 777 1482; x_wconf 85' lang='lat' dir='ltr'><strong>medio</strong></span> <span class='ocrx_word' id='word_1_238' title='bbox 806 1462 875 1482; x_wconf 76' lang='lat' dir='ltr'><strong>aevo</strong></span> <span class='ocrx_word' id='word_1_239' title='bbox 906 1451 1068 1491; x_wconf 81' lang='lat' dir='ltr'><strong>ejusmodi</strong></span> <span class='ocrx_word' id='word_1_240' title='bbox 1091 1450 1291 1491; x_wconf 82' lang='lat' dir='ltr'><strong>imaginibus</strong></span> <span class='ocrx_word' id='word_1_241' title='bbox 1315 1452 1420 1481; x_wconf 87' lang='lat' dir='ltr'><strong>cereis</strong></span> <span class='ocrx_word' id='word_1_242' title='bbox 1444 1462 1527 1481; x_wconf 60' lang='lat' dir='ltr'><strong>usos,</strong></span> <span class='ocrx_word' id='word_1_243' title='bbox 1546 1463 1640 1491; x_wconf 87' lang='lat' dir='ltr'><strong>esse,</strong></span> <span class='ocrx_word' id='word_1_244' title='bbox 1669 1451 1796 1483; x_wconf 81' lang='lat' dir='ltr'><strong>(luobus</strong></span> 
     </span>
     <span class='ocr_line' id='line_1_24' title="bbox 142 1505 1797 1548; baseline -0.001 -8"><span class='ocrx_word' id='word_1_245' title='bbox 142 1508 306 1546; x_wconf 74' lang='lat' dir='ltr'><strong>exemplis</strong></span> <span class='ocrx_word' id='word_1_246' title='bbox 331 1507 519 1537; x_wconf 80' lang='lat' dir='ltr'><strong>illustratur</strong></span> <span class='ocrx_word' id='word_1_247' title='bbox 543 1509 576 1537; x_wconf 93' lang='lat' dir='ltr'><strong>in</strong></span> <span class='ocrx_word' id='word_1_248' title='bbox 601 1507 756 1538; x_wconf 85' lang='lat' dir='ltr'><strong>Seebodii</strong></span> <span class='ocrx_word' id='word_1_249' title='bbox 782 1507 877 1539; x_wconf 75' lang='lat' dir='ltr'><strong>Nova</strong></span> <span class='ocrx_word' id='word_1_250' title='bbox 900 1507 980 1537; x_wconf 86' lang='lat' dir='ltr'><strong>bibl.</strong></span> <span class='ocrx_word' id='word_1_251' title='bbox 1006 1506 1087 1537; x_wconf 81' lang='lat' dir='ltr'><strong>Crit.</strong></span> <span class='ocrx_word' id='word_1_252' title='bbox 1113 1509 1193 1538; x_wconf 73' lang='lat'>1825</span> <span class='ocrx_word' id='word_1_253' title='bbox 1212 1506 1252 1537; x_wconf 88' lang='lat' dir='ltr'><strong>T.</strong></span> <span class='ocrx_word' id='word_1_254' title='bbox 1277 1505 1319 1537; x_wconf 89' lang='lat'><strong>11.</strong></span> <span class='ocrx_word' id='word_1_255' title='bbox 1343 1507 1423 1537; x_wconf 82' lang='lat' dir='ltr'><strong>fasc.</strong></span> <span class='ocrx_word' id='word_1_256' title='bbox 1447 1506 1473 1537; x_wconf 94' lang='lat' dir='ltr'><strong>I.</strong></span> <span class='ocrx_word' id='word_1_257' title='bbox 1498 1507 1640 1548; x_wconf 89' lang='lat' dir='ltr'><strong>Delphis</strong></span> <span class='ocrx_word' id='word_1_258' title='bbox 1662 1514 1797 1539; x_wconf 80' lang='lat' dir='ltr'><strong>vocatur</strong></span> 
     </span>
     <span class='ocr_line' id='line_1_25' title="bbox 140 1561 1796 1605; baseline 0.004 -16"><span class='ocrx_word' id='word_1_259' title='bbox 140 1567 156 1596; x_wconf 66' lang='lat' dir='ltr'><strong>f,</strong></span> <span class='ocrx_word' id='word_1_260' title='bbox 181 1566 304 1599; x_wconf 59' lang='lat' dir='ltr'><strong>sim-6103</strong></span> <span class='ocrx_word' id='word_1_261' title='bbox 331 1564 352 1593; x_wconf 89' lang='lat' dir='ltr'><strong>i.</strong></span> <span class='ocrx_word' id='word_1_262' title='bbox 383 1574 410 1593; x_wconf 82' lang='lat' dir='ltr'><strong>e.</strong></span> <span class='ocrx_word' id='word_1_263' title='bbox 440 1575 482 1594; x_wconf 86' lang='lat' dir='ltr'><strong>cx</strong></span> <span class='ocrx_word' id='word_1_264' title='bbox 513 1563 636 1603; x_wconf 78' lang='lat' dir='ltr'><strong>Myndo</strong></span> <span class='ocrx_word' id='word_1_265' title='bbox 668 1565 825 1597; x_wconf 86' lang='lat' dir='ltr'><strong>oriundus</strong></span> <span class='ocrx_word' id='word_1_266' title='bbox 855 1574 975 1605; x_wconf 86' lang='lat' dir='ltr'><strong>„quam</strong></span> <span class='ocrx_word' id='word_1_267' title='bbox 1003 1562 1151 1594; x_wconf 68' lang='lat' dir='ltr'><strong>Arcadiae</strong></span> <span class='ocrx_word' id='word_1_268' title='bbox 1181 1561 1295 1593; x_wconf 77' lang='lat' dir='ltr'><strong>urbem</strong></span> <span class='ocrx_word' id='word_1_269' title='bbox 1321 1563 1428 1594; x_wconf 81' lang='lat' dir='ltr'><strong>fuisse</strong></span> <span class='ocrx_word' id='word_1_270' title='bbox 1450 1565 1549 1595; x_wconf 85' lang='lat' dir='ltr'><strong>tradit</strong></span> <span class='ocrx_word' id='word_1_271' title='bbox 1580 1563 1796 1596; x_wconf 78' lang='lat' dir='ltr'><strong>scholiastes.</strong></span> 
     </span>
     <span class='ocr_line' id='line_1_26' title="bbox 141 1619 1797 1662; baseline -0.001 -9"><span class='ocrx_word' id='word_1_272' title='bbox 141 1623 251 1662; x_wconf 78' lang='lat' dir='ltr'><strong>Hujus</strong></span> <span class='ocrx_word' id='word_1_273' title='bbox 287 1621 403 1660; x_wconf 51' lang='lat' dir='ltr'><strong>Myndi</strong></span> <span class='ocrx_word' id='word_1_274' title='bbox 432 1631 590 1662; x_wconf 80' lang='lat' dir='ltr'><strong>nusquam</strong></span> <span class='ocrx_word' id='word_1_275' title='bbox 613 1620 716 1659; x_wconf 84' lang='lat' dir='ltr'><strong>alibi,</strong></span> <span class='ocrx_word' id='word_1_276' title='bbox 741 1627 895 1662; x_wconf 84' lang='lat' dir='ltr'><strong>quantum</strong></span> <span class='ocrx_word' id='word_1_277' title='bbox 928 1622 1017 1658; x_wconf 88' lang='lat' dir='ltr'><strong>scio,</strong></span> <span class='ocrx_word' id='word_1_278' title='bbox 1047 1621 1168 1650; x_wconf 88' lang='lat' dir='ltr'><strong>mentio</strong></span> <span class='ocrx_word' id='word_1_279' title='bbox 1197 1619 1273 1651; x_wconf 91' lang='lat' dir='ltr'><strong>fit.“</strong></span> <span class='ocrx_word' id='word_1_280' title='bbox 1317 1619 1369 1651; x_wconf 83' lang='lat' dir='ltr'><strong>Ita</strong></span> <span class='ocrx_word' id='word_1_281' title='bbox 1396 1619 1673 1660; x_wconf 82' lang='lat' dir='ltr'><strong>Wuestcmanns,</strong></span> <span class='ocrx_word' id='word_1_282' title='bbox 1703 1632 1797 1660; x_wconf 87' lang='lat' dir='ltr'><strong>quem</strong></span> 
     </span>
     <span class='ocr_line' id='line_1_27' title="bbox 142 1676 1795 1718; baseline -0.001 -8"><span class='ocrx_word' id='word_1_283' title='bbox 142 1681 240 1710; x_wconf 84' lang='lat' dir='ltr'><strong>sicuti</strong></span> <span class='ocrx_word' id='word_1_284' title='bbox 252 1678 336 1709; x_wconf 85' lang='lat' dir='ltr'><strong>alios</strong></span> <span class='ocrx_word' id='word_1_285' title='bbox 360 1677 457 1718; x_wconf 81' lang='lat' dir='ltr'><strong>fugit,</strong></span> <span class='ocrx_word' id='word_1_286' title='bbox 479 1684 513 1707; x_wconf 85' lang='lat' dir='ltr'><strong>ut</strong></span> <span class='ocrx_word' id='word_1_287' title='bbox 530 1677 671 1716; x_wconf 81' lang='lat' dir='ltr'><strong>videtur,</strong></span> <span class='ocrx_word' id='word_1_288' title='bbox 690 1677 782 1709; x_wconf 89' lang='lat' dir='ltr'><strong>locus</strong></span> <span class='ocrx_word' id='word_1_289' title='bbox 801 1677 973 1708; x_wconf 82' lang='lat' dir='ltr'><strong>Strabonis</strong></span> <span class='ocrx_word' id='word_1_290' title='bbox 993 1676 1087 1707; x_wconf 89' lang='lat' dir='ltr'><strong>XIV.</strong></span> <span class='ocrx_word' id='word_1_291' title='bbox 1106 1678 1219 1717; x_wconf 78' lang='lat' dir='ltr'><strong>p.657.</strong></span> <span class='ocrx_word' id='word_1_292' title='bbox 1239 1676 1331 1709; x_wconf 90' lang='lat' dir='ltr'><strong>Tom.</strong></span> <span class='ocrx_word' id='word_1_293' title='bbox 1351 1676 1395 1708; x_wconf 89' lang='lat' dir='ltr'><strong>V.</strong></span> <span class='ocrx_word' id='word_1_294' title='bbox 1413 1676 1523 1716; x_wconf 82' lang='lat' dir='ltr'><strong>p.&#39;619</strong></span> <span class='ocrx_word' id='word_1_295' title='bbox 1539 1678 1589 1708; x_wconf 88' lang='lat' dir='ltr'><strong>ed.</strong></span> <span class='ocrx_word' id='word_1_296' title='bbox 1608 1678 1795 1710; x_wconf 87' lang='lat' dir='ltr'><strong>Tzschuck.</strong></span> 
     </span>
     <span class='ocr_line' id='line_1_28' title="bbox 137 1733 1796 1776; baseline -0.001 -9"><span class='ocrx_word' id='word_1_297' title='bbox 137 1738 223 1775; x_wconf 67' lang='grc' dir='ltr'><strong>Ἑξῆς</strong></span> <span class='ocrx_word' id='word_1_298' title='bbox 244 1734 338 1770; x_wconf 49' lang='lat' dir='ltr'><strong>&amp;aab</strong></span> <span class='ocrx_word' id='word_1_299' title='bbox 361 1735 436 1776; x_wconf 75' lang='grc' dir='ltr'><strong>ἄκρα</strong></span> <span class='ocrx_word' id='word_1_300' title='bbox 462 1735 611 1775; x_wconf 29' lang='grc' dir='ltr'><strong>Τερλιιέριον</strong></span> <span class='ocrx_word' id='word_1_301' title='bbox 633 1735 805 1766; x_wconf 71' lang='grc' dir='ltr'><em>Μυνδίων</em></span> <span class='ocrx_word' id='word_1_302' title='bbox 826 1738 882 1766; x_wconf 73' lang='grc' dir='ltr'><strong>κτλ.</strong></span> <span class='ocrx_word' id='word_1_303' title='bbox 906 1745 999 1776; x_wconf 84' lang='lat' dir='ltr'><strong>quam</strong></span> <span class='ocrx_word' id='word_1_304' title='bbox 1013 1734 1118 1765; x_wconf 72' lang='lat' dir='ltr'><strong>Cariae</strong></span> <span class='ocrx_word' id='word_1_305' title='bbox 1137 1733 1262 1771; x_wconf 89' lang='lat' dir='ltr'><strong>urbem,</strong></span> <span class='ocrx_word' id='word_1_306' title='bbox 1287 1745 1384 1775; x_wconf 86' lang='lat' dir='ltr'><strong>prope</strong></span> <span class='ocrx_word' id='word_1_307' title='bbox 1396 1734 1666 1766; x_wconf 83' lang='lat' dir='ltr'><strong>Halicarnassum</strong></span> <span class='ocrx_word' id='word_1_308' title='bbox 1687 1737 1796 1774; x_wconf 86' lang='lat' dir='ltr'><strong>sitam,</strong></span> 
     </span>
     <span class='ocr_line' id='line_1_29' title="bbox 141 1791 1301 1833; baseline -0.001 -10"><span class='ocrx_word' id='word_1_309' title='bbox 141 1793 202 1824; x_wconf 77' lang='lat' dir='ltr'><strong>lioc</strong></span> <span class='ocrx_word' id='word_1_310' title='bbox 223 1792 294 1823; x_wconf 84' lang='lat' dir='ltr'><strong>loco</strong></span> <span class='ocrx_word' id='word_1_311' title='bbox 317 1791 568 1833; x_wconf 77' lang='lat' dir='ltr'><strong>intelligendam</strong></span> <span class='ocrx_word' id='word_1_312' title='bbox 590 1803 664 1822; x_wconf 82' lang='lat' dir='ltr'><strong>esse</strong></span> <span class='ocrx_word' id='word_1_313' title='bbox 690 1792 873 1822; x_wconf 76' lang='lat' dir='ltr'><strong>verisimile</strong></span> <span class='ocrx_word' id='word_1_314' title='bbox 896 1792 933 1822; x_wconf 87' lang='lat' dir='ltr'><strong>fit</strong></span> <span class='ocrx_word' id='word_1_315' title='bbox 955 1791 1078 1822; x_wconf 83' lang='lat' dir='ltr'><strong>collato</strong></span> <span class='ocrx_word' id='word_1_316' title='bbox 1102 1802 1201 1822; x_wconf 75' lang='lat' dir='ltr'><strong>versu</strong></span> <span class='ocrx_word' id='word_1_317' title='bbox 1228 1792 1301 1822; x_wconf 77' lang='lat'><strong>156.</strong></span> 
     </span>
    </p>
   </div>
   <div class='ocr_carea' id='block_1_10' title="bbox 225 1886 1245 2043">
    <p class='ocr_par' dir='ltr' id='par_1_10' title="bbox 225 1886 1245 2043">
     <span class='ocr_line' id='line_1_30' title="bbox 225 1886 1245 1931; baseline -0.001 -12"><span class='ocrx_word' id='word_1_318' title='bbox 225 1889 268 1919; x_wconf 79' lang='lat' dir='ltr'><strong>V.</strong></span> <span class='ocrx_word' id='word_1_319' title='bbox 292 1889 343 1921; x_wconf 84' lang='grc'><strong>33.</strong></span> <span class='ocrx_word' id='word_1_320' title='bbox 388 1899 455 1929; x_wconf 86' lang='lat' dir='ltr'><strong>sqq·</strong></span> <span class='ocrx_word' id='word_1_321' title='bbox 512 1911 520 1920; x_wconf 95' lang='lat'><strong>.</strong></span> <span class='ocrx_word' id='word_1_322' title='bbox 565 1911 574 1921; x_wconf 89' lang='lat'><strong>.</strong></span> <span class='ocrx_word' id='word_1_323' title='bbox 623 1911 631 1920; x_wconf 90' lang='lat'><strong>.</strong></span> <span class='ocrx_word' id='word_1_324' title='bbox 675 1911 684 1921; x_wconf 86' lang='lat'><strong>.</strong></span> <span class='ocrx_word' id='word_1_325' title='bbox 727 1889 761 1921; x_wconf 76' lang='grc' dir='ltr'><strong>τὺ</strong></span> <span class='ocrx_word' id='word_1_326' title='bbox 782 1889 935 1931; x_wconf 75' lang='grc' dir='ltr'><strong>δ’Ἀρτεμι</strong></span> <span class='ocrx_word' id='word_1_327' title='bbox 957 1887 1074 1921; x_wconf 77' lang='grc' dir='ltr'><strong><em>καὶτὸν</em></strong></span> <span class='ocrx_word' id='word_1_328' title='bbox 1094 1889 1123 1919; x_wconf 75' lang='grc' dir='ltr'><em>ε’-ν</em></span> <span class='ocrx_word' id='word_1_329' title='bbox 1151 1886 1245 1919; x_wconf 69' lang='lat' dir='ltr'><strong>&#39;Ausa</strong></span> 
     </span>
     <span class='ocr_line' id='line_1_31' title="bbox 384 1943 1194 1988; baseline -0.001 -12"><span class='ocrx_word' id='word_1_330' title='bbox 384 1945 509 1985; x_wconf 67' lang='grc' dir='ltr'><strong>κινήσιας</strong></span> <span class='ocrx_word' id='word_1_331' title='bbox 528 1946 715 1988; x_wconf 66' lang='grc' dir='ltr'><strong>κἰὶδιὶμιιιτιι,</strong></span> <span class='ocrx_word' id='word_1_332' title='bbox 737 1944 785 1978; x_wconf 77' lang='grc' dir='ltr'><strong>καὶ</strong></span> <span class='ocrx_word' id='word_1_333' title='bbox 806 1947 831 1978; x_wconf 76' lang='grc' dir='ltr'><strong>εἰ</strong></span> <span class='ocrx_word' id='word_1_334' title='bbox 848 1946 879 1978; x_wconf 81' lang='grc' dir='ltr'><strong>τί</strong></span> <span class='ocrx_word' id='word_1_335' title='bbox 895 1959 946 1987; x_wconf 83' lang='grc' dir='ltr'><strong>περ</strong></span> <span class='ocrx_word' id='word_1_336' title='bbox 969 1944 1096 1987; x_wconf 71' lang='grc' dir='ltr'><strong><em>ἀσφαλὲς</em></strong></span> <span class='ocrx_word' id='word_1_337' title='bbox 1117 1943 1194 1976; x_wconf 77' lang='grc' dir='ltr'><strong>ἄλλο.</strong></span> 
     </span>
     <span class='ocr_line' id='line_1_32' title="bbox 390 2003 1165 2043; baseline -0.003 -10"><span class='ocrx_word' id='word_1_338' title='bbox 390 2003 515 2039; x_wconf 58' lang='grc' dir='ltr'><strong>Θέστινλι,</strong></span> <span class='ocrx_word' id='word_1_339' title='bbox 536 2003 583 2035; x_wconf 77' lang='grc' dir='ltr'><strong>’ταὶ</strong></span> <span class='ocrx_word' id='word_1_340' title='bbox 605 2004 682 2038; x_wconf 74' lang='grc' dir='ltr'>κύνες</span> <span class='ocrx_word' id='word_1_341' title='bbox 704 2003 790 2043; x_wconf 71' lang='grc' dir='ltr'>ἄμμιν</span> <span class='ocrx_word' id='word_1_342' title='bbox 812 2003 868 2034; x_wconf 73' lang='grc' dir='ltr'><strong>ἀνὰ</strong></span> <span class='ocrx_word' id='word_1_343' title='bbox 888 2004 985 2034; x_wconf 72' lang='grc' dir='ltr'><strong>πτόλιν</strong></span> <span class='ocrx_word' id='word_1_344' title='bbox 1007 2003 1165 2043; x_wconf 47' lang='lat' dir='ltr'><strong>&amp;pommus</strong></span> 
     </span>
    </p>
   </div>
   <div class='ocr_carea' id='block_1_11' title="bbox 386 2056 1151 2101">
    <p class='ocr_par' dir='ltr' id='par_1_11' title="bbox 386 2056 1151 2101">
     <span class='ocr_line' id='line_1_33' title="bbox 386 2056 1151 2101; baseline -0.001 -12"><span class='ocrx_word' id='word_1_345' title='bbox 386 2058 405 2089; x_wconf 75' lang='grc' dir='ltr'><strong>ά</strong></span> <span class='ocrx_word' id='word_1_346' title='bbox 429 2058 499 2094; x_wconf 75' lang='grc' dir='ltr'><strong>θεὸς</strong></span> <span class='ocrx_word' id='word_1_347' title='bbox 519 2060 547 2091; x_wconf 76' lang='grc' dir='ltr'><strong>ἐν</strong></span> <span class='ocrx_word' id='word_1_348' title='bbox 567 2060 705 2101; x_wconf 77' lang='grc' dir='ltr'><strong>τριόδοισι·</strong></span> <span class='ocrx_word' id='word_1_349' title='bbox 726 2059 759 2091; x_wconf 67' lang='grc' dir='ltr'><strong>τὸ</strong></span> <span class='ocrx_word' id='word_1_350' title='bbox 780 2059 895 2100; x_wconf 78' lang='grc' dir='ltr'><strong><em>χαλκίον</em></strong></span> <span class='ocrx_word' id='word_1_351' title='bbox 916 2059 955 2094; x_wconf 72' lang='grc' dir='ltr'><strong>ὡς</strong></span> <span class='ocrx_word' id='word_1_352' title='bbox 975 2058 1062 2100; x_wconf 78' lang='grc' dir='ltr'><strong><em>τάχος</em></strong></span> <span class='ocrx_word' id='word_1_353' title='bbox 1083 2056 1151 2098; x_wconf 72' lang='grc' dir='ltr'><strong>ἄχει.</strong></span> 
     </span>
    </p>
   </div>
  </div>
 </body>
</html>
