1872 2345
814 57 1073 96 *62-

193 143 238 174 ν.
260 143 313 175 35.
356 142 563 174 Burchardus
585 143 688 175 verba
704 145 836 187 jungit:
860 145 947 178 ὅσσον
966 146 1021 188 γὰρ
1042 145 1101 188 ἐμὶν
1123 151 1232 182 Maiam
1252 148 1340 190 φἰἏαι,
1364 148 1486 190 (zoam,
1508 153 1560 183 τοῦ
1571 149 1776 193 ὅσον-φᾶσα)

107 197 173 230 οὔτε
192 196 288 235 ὕπνος,
310 198 372 229 οὔτε
392 197 696 240 ἔαρ-γλυκερώτερον,
721 198 879 230 subtilius
902 211 997 241 quam
1018 202 1143 241 verius,
1167 209 1203 233 ut
1221 202 1302 234 mihi
1318 203 1459 234 videtur.
1484 203 1545 234 Est
1562 206 1671 243 potius
1689 204 1777 242 libe-9

109 253 178 283 rior
201 252 357 283 orationis
382 251 607 291 conformatio,
634 263 736 294 eaque
760 253 972 292 explicanda:
997 253 1061 286 οὔτε
1082 255 1132 296 ἔαρ
1153 259 1261 296 μᾶλλον
1281 256 1365 298 γλυκύ
1385 280 1392 288 .
1414 281 1421 288 .
1442 280 1449 288 .
1471 281 1477 288 .
1499 255 1585 289 ὅσσον
1599 258 1658 298 ἐμὶν
1668 261 1778 291 Mosa:

110 307 197 347 φίλαι.
240 305 324 336 Nam
354 305 516 336 vocabula
539 306 586 343 ὡς,
609 306 675 343 οἶος,
699 306 765 342 ὅσος
785 308 829 337 ita
858 310 937 344 vponi
967 308 1049 337 satis
1078 315 1189 340 notum
1212 313 1273 340 est.
1288 310 1333 340 cf.
1356 310 1468 340 Herm.
1492 311 1525 340 in
1551 310 1630 351 vig.
1649 321 1679 349 p.
1701 313 1779 343 719.

111 359 161 389 ed.
185 357 336 397 lv.*)-
348 357 434 388 Tum
456 368 521 388 non
541 365 629 389 recte
653 360 767 389 statuit
791 358 975 389 Wuestem.
998 370 1070 389 cum
1090 359 1368 399 Mitscherlichio,
1393 362 1581 393 ultimorum
1603 363 1775 395 Theocriti

109 409 283 441 verborum
318 411 400 443 hanc
432 424 507 444 esse
543 414 753 443 sententiam:
789 413 938 451 „utinam
963 411 1070 443 Musae
1093 413 1175 445 mihi
1200 416 1267 446 sint
1288 416 1476 457 propitiae.“
1508 416 1594 449 Nam
1610 417 1776 458 particulo

108 464 163 506 γὰρ
186 469 313 507 spectat
334 466 376 497 ad
400 467 619 509 optationem:
645 468 700 501 τᾶς
719 478 767 506 μοι
788 469 847 500 πᾶς
860 463 907 505 ,εἴη
929 468 1023 501 πλεῖος
1044 466 1136 506 δόμος.

781 556 991 608 Idyllium
1020 555 1079 600 X.

193 643 395 676 Wnestem.:
420 641 512 681 „Qui
532 643 585 675 hic
608 644 780 684 loquentes
805 646 1016 684 inducuntur,
1040 646 1209 687 operarios
1230 646 1336 677 fuisse
1358 648 1507 679 mercede
1528 648 1704 679 conductos
1727 653 1772 680 ex

110 706 178 730 toto
201 698 295 738 idyll.
318 701 484 736 apparet.“
510 699 574 730 Sed
600 700 633 730 id
649 701 719 740 jam
743 707 879 740 apparet
899 712 943 731 ex
964 702 1066 739 primo
1083 699 1261 731 vocabulo:
1285 712 1358 732 nam
1370 702 1512 743 ἐργατίνης
1526 709 1577 733 est
1588 704 1772 744 operarius,

108 756 131 785 i.
157 765 185 784 e.
209 753 265 794 qui
287 752 435 782 mercede
458 753 637 784 conductus
668 764 750 795 opus
776 754 910 796 aliquod
941 755 1031 793 facit,
1055 753 1087 785 h.
1112 753 1135 784 l.
1160 760 1196 784 ut
1218 754 1415 795 adjectivum
1443 757 1592 797 ponitur:
1624 757 1772 795 operarie

108 813 262 845 bubulce.
284 816 417 854 βοινκαῖος
438 814 493 851 qui
517 812 618 844 boves
643 814 738 855 quasi
763 815 828 843 urit
852 824 897 843 sc.
923 812 1077 851 stimulo,
1102 814 1157 850 qui
1181 812 1282 844 boves
1304 815 1373 855 agit
1394 815 1465 845 sive
1486 816 1619 855 junctos
1644 815 1678 844 in
1700 825 1774 845 ara-

109 873 172 905 tro,
198 867 271 897 sive
298 866 328 895 in
354 875 466 905 grege.
513 864 599 895 Milo
621 866 749 896 videtur
772 866 900 896 dicere:
925 868 959 895 tu
984 866 1039 906 qui
1059 875 1187 903 operam
1212 871 1298 895 tuam
1319 865 1409 897 locas
1431 867 1470 897 ad
1493 866 1594 897 boves
1613 867 1772 908 agendos.

108 921 150 951 cf.
172 918 284 957 Apoll.
313 917 416 948 Rhod.
442 916 497 956 Ill,
524 919 614 949 1322.
638 919 704 957 δόρυ
722 943 728 950 .
751 942 772 955 .,
796 916 818 957 ᾧ
840 918 865 958 ῥ’
889 917 945 949 ὑπὸ
965 917 1074 957 μέσσας
1103 917 1298 958 ἐργατίνης
1319 916 1358 953 ὥς
1378 918 1434 953 τίς
1454 931 1484 950 τε
1506 919 1659 958 Πελασγίδι
1675 919 1774 951 νύσσεν

109 974 239 1013 ἀκαίνῃ
261 974 387 1010 οὐτάζων
408 974 588 1013 λαγόνας-
611 972 741 1003 Deinde
774 984 804 1004 v.
837 977 866 1005 2.
896 984 959 1004 non
992 980 1070 1012 puto
1093 973 1332 1012 praeferendam
1353 984 1427 1003 esse
1449 973 1625 1004 lectionem
1647 975 1680 1005 οὐ
1703 974 1773 1006 τεόν.

109 1026 293 1068 simplicior
316 1026 446 1056 videtur
469 1026 630 1063 scriptura
652 1025 853 1064 οὔτε-οὕτε,
883 1036 945 1069 quo
970 1026 1055 1056 facto
1079 1024 1164 1056 Milo
1189 1024 1319 1055 Battum
1343 1026 1376 1055 in
1401 1026 1594 1057 universum
1616 1027 1772 1067 increpat,

108 1080 194 1123 quod
219 1090 237 1109 a
260 1084 349 1108 recta
370 1077 461 1108 linea
483 1079 517 1108 in
538 1078 689 1108 metendo
712 1077 852 1108 aberrat.
865 1096 907 1101 —·
928 1077 972 1108 V.
995 1079 1027 1109 3.
1049 1081 1197 1119 λᾳοτομεΐς
1217 1081 1257 1116 τῷ
1278 1078 1398 1109 πλατῖον
1418 1088 1481 1107 non
1501 1089 1636 1119 prorsus
1654 1090 1773 1110 conve-

108 1137 202 1166 niunt
225 1134 355 1163 Latinis
379 1142 477 1171 „cum
501 1132 639 1162 altero
665 1140 810 1173 segetem
834 1137 963 1164 secas.“
988 1133 1071 1164 Nam
1088 1134 1103 1165 ὁ
1124 1134 1240 1173 πλησιός
1263 1139 1313 1163 est
1334 1134 1546 1173 propinquus,
1567 1135 1589 1163 i.
1603 1144 1631 1164 e.
1648 1133 1771 1175 aliquis

110 1188 166 1229 qni
198 1187 284 1216 forte
308 1186 423 1222 adest,
456 1184 510 1214 vel
535 1184 656 1223 aliquis
687 1185 795 1225 alius,
828 1188 928 1217 sicuti
958 1197 1018 1217 nos
1050 1187 1189 1217 dicimus
1220 1186 1277 1217 der
1297 1184 1439 1216 Nile-Itste
1466 1186 1500 1215 in
1526 1186 1636 1217 verbis
1655 1187 1773 1227 πλησίον

109 1245 204 1283 φιλεῖν,
230 1239 290 1270 hoc
314 1239 387 1270 loco
411 1240 433 1269 i.
458 1250 488 1279 q.
511 1249 649 1270 mecum.

189 1324 233 1355 V.
254 1325 284 1355 6.
309 1322 462 1362 ἀρχόμενος
482 1322 634 1353 absolute
656 1322 777 1352 dietum
797 1320 927 1359 volunt,
957 1327 992 1351 ut
1014 1322 1182 1362 genitivus
1200 1324 1254 1356 τᾶς
1276 1321 1400 1356 aista-21⁰9
1420 1322 1459 1351 ud
1484 1321 1654 1362 ἆπατρώγεις
1671 1324 1774 1363 perti-

107 1382 195 1408 neat.
225 1376 311 1405 Sane
335 1374 464 1412 quidem
489 1374 668 1415 ἀποτρώγειν,
691 1384 801 1414 propr.
826 1372 984 1403 abrodere
1006 1374 1028 1405 i.
1054 1384 1082 1403 e.
1108 1371 1232 1410 aliquid
1257 1372 1297 1403 nb
1320 1372 1430 1410 aliqua
1451 1384 1484 1402 re
1502 1373 1676 1411 demetere,
1701 1384 1773 1405 cum

110 1432 256 1473 genitivo
282 1430 378 1469 jungi
403 1432 521 1466 potest.
548 1428 613 1459 Sed
635 1438 733 1467 quum
757 1427 860 1457 multo
884 1427 1018 1458 facilius
1041 1428 1085 1458 sit
1106 1427 1230 1463 αὕλακος
1248 1428 1389 1469 jungere
1408 1438 1478 1457 cum
1499 1426 1599 1458 verbo
1611 1427 1773 1469 ἀρχόμενος,

110 1484 142 1514 h.
168 1494 195 1513 e.
221 1492 293 1512 cum
317 1479 438 1518 verbo,
471 1480 558 1520 quod
590 1486 708 1510 natura
738 1489 799 1509 sua
822 1479 1004 1519 genitivum
1029 1478 1205 1516 adsciscit,
1240 1478 1306 1508 haec
1329 1480 1412 1509 ratio
1436 1479 1568 1509 videtur
1592 1478 1773 1517 simplicior

111 1547 142 1571 et
165 1539 261 1570 alteri
290 1536 503 1578 praeferenda.
546 1535 630 1567 Nam
660 1536 832 1576 ἀποτρώγων
854 1541 971 1566 natura
995 1546 1055 1565 sua
1077 1536 1298 1566 accusativum
1321 1537 1470 1574 requirit,
1493 1537 1548 1577 qui
1572 1547 1668 1567 casus
1692 1547 1773 1576 prae-

110 1590 257 1623 cedentis
282 1586 435 1618 vocabuli
457 1598 515 1626 per
537 1598 572 1618 se
596 1586 812 1628 intelligitur.
858 1585 960 1617 Porro
981 1585 1066 1617 Milo
1090 1596 1152 1616 non
1177 1585 1435 1626 „hyperbolice‘
1459 1586 1617 1629 loquitur,
1642 1588 1699 1619 sed
1724 1589 1773 1619 uti

109 1645 243 1676 videtur
267 1641 458 1679 loquutione
480 1639 702 1679 proverbiali,
735 1649 804 1678 quae
826 1641 960 1680 ponitur
983 1640 1021 1670 de
1046 1640 1106 1678 iis,
1139 1641 1193 1678 qui
1215 1640 1246 1670 in
1268 1650 1376 1671 messe
1397 1640 1547 1670 facienda
1569 1639 1653 1671 nihil
1673 1639 1772 1679 profi-

110 1698 261 1729 ciunt.—
292 1691 335 1723 V.
358 1693 389 1724 7.
412 1692 563 1733 ὀψαμᾶτα.
608 1691 721 1723 Verba
751 1691 854 1722 latina
888 1701 1039 1732 „messor
1068 1692 1280 1731 vespertine“
1310 1690 1451 1722 obscura
1481 1696 1567 1721 sunt.
1611 1690 1772 1734 Pleraque

145 1817 170 1847 ⁴)
201 1813 326 1839 Afferuut
341 1814 490 1844 praeterea
497 1812 600 1837 Matth
615 1812 641 1844 ξ.
658 1812 717 1839 455.
738 1812 791 1838 Sed
806 1811 855 1837 ille
871 1811 1072 1844 grammaticus
1086 1818 1141 1836 non
1153 1811 1276 1845 ubique*
1269 1820 1297 1836 m
1312 1810 1364 1837 hac
1379 1810 1565 1844 paragrapho
1571 1811 1682 1837 videtur
1695 1813 1773 1838 recte

213 1854 355 1879 statuisse.
392 1853 483 1878 Unum
506 1854 700 1878 tantummodo
719 1853 811 1878 locum
830 1853 931 1878 lexiter
948 1855 1079 1885 tangam,
1107 1860 1202 1893 quum
1209 1853 1236 1877 in
1257 1859 1289 1877 eo
1309 1852 1474 1884 explicando
1494 1853 1579 1878 etiam
1582 1852 1691 1895 Poppo
1712 1860 1775 1878 mea

214 1895 324 1928 quidem
348 1895 490 1920 sententia
513 1903 531 1920 a
556 1902 624 1920 vero
649 1894 833 1919 aberraverit.
869 1893 996 1926 Thucyd.
1022 1893 1063 1925 ΙΙΙ,
1090 1893 1133 1920 63.
1155 1898 1203 1916 και
1229 1889 1263 1925 τῇ
1292 1885 1426 1925 ἱστεραίτι
1455 1885 1590 1924 μετάνοιά
1617 1898 1660 1920 τι,-
1687 1885 1774 1920 εὐθὺς

213 1934 249 1976 ἦν
278 1935 373 1970 αὐτοῖς
393 1949 440 1967 και
463 1935 652 1976 ἀιαλογισμὸς
673 1935 749 1974 ὠμὸν
770 1934 803 1966 τὸ
823 1935 963 1975 βοί3ειμα
985 1948 1032 1965 και
1052 1935 1122 1974 μέγα
1144 1934 1295 1973 ἐγνῶσθαι,
1324 1934 1404 1965 πόλιν
1433 1932 1498 1973 ὅλην
1520 1937 1686 1974 διαφθεῖραι
1705 1936 1775 1973 μᾶλ-

214 1980 273 2013 λον,
297 1974 313 2015 ἢ
333 1977 365 2007 οὐ
383 1977 449 2012 wi,-
460 1978 573 2012 αι’τιόυς.
609 1984 712 2010 Matth.
740 1985 759 2009 Ι.
778 1984 798 2009 1.
816 1985 899 2015 dicit,
924 1986 989 2009 ante
1006 1978 1114 2015 aanor
1130 1984 1311 2016 negationem
1329 1983 1439 2014 deense,
1466 1986 1549 2016 atquc
1570 1982 1664 2014 Poppo
1684 1982 1773 2014 (Part.

211 2026 256 2052 ΙΙΙ.
284 2025 351 2052 Vol.
372 2025 403 2053 ll.
421 2033 447 2058 ι).
466 2026 542 2058 588.)
567 2026 659 2057 docet,
686 2025 840 2051 Hermanni
858 2025 973 2058 regulae
993 2025 1035 2056 (in
1053 2024 1121 2057 Vig.
1140 2032 1167 2056 p.
1182 2025 1244 2050 799.
1261 2024 1304 2049 ed.
1324 2024 1370 2051 lv.
1373 2025 1396 2056 >2
1415 2027 1446 2049 ut
1464 2023 1517 2049 hoc
1535 2023 1668 2056 loquendi
1685 2031 1773 2057 genus

214 2066 419 2094 admittendum
437 2068 484 2099 sit,
502 2067 550 2093 ubi
568 2075 675 2101 negans
692 2066 852 2093 enunciatio
871 2066 1030 2098 praecedat,
1049 2064 1121 2091 hunc
1138 2065 1232 2091 locum
1250 2065 1370 2091 obstare.
1402 2065 1466 2091 Non
1480 2065 1582 2095 obstat,
1601 2064 1707 2096 opinor,
1725 2064 1775 2090 sed

213 2109 329 2143 negatio
348 2108 420 2135 latet
437 2108 467 2134 in
483 2108 569 2135 verbo
590 2102 734 2142 μετάνοια,
762 2107 892 2141 poenituit
910 2115 967 2141 eos,
985 2107 1012 2134 h.
1032 2115 1057 2135 e.
1076 2114 1142 2133 non
1162 2106 1315 2140 amplius
1337 2114 1377 2139 pr
1390 2106 1552 2132 obabant
1573 2113 1652 2132 suam
1671 2105 1775 2140 agendi

213 2152 364 2178 rationem.
