1872 2345
818 65 1069 107 ...51—

108 169 178 196 est:
202 172 278 194 non
300 161 505 200 invideat,
529 160 552 191 i.
571 166 694 190 e.non
715 155 924 196 improbet
945 156 1039 196 ipse
1058 153 1228 194 Apollo,
1251 154 1288 184 si
1306 150 1612 192 canat-tristis,
1634 163 1763 195 quem-

108 217 324 248 admodum
359 215 539 253 Aratus,
579 222 656 251 per
683 221 853 249 puerum
882 210 1112 246 incensus,
1152 209 1194 238 in
1227 207 1327 238 imis
1359 204 1574 236 medullis
1607 207 1763 238 ardeat.

105 266 308 307 Kiesslingii
338 265 532 306 explicatio,
566 263 623 304 qui
660 262 809 302 sequitur
839 260 883 291 H.
906 259 1065 291 Vossium
1089 259 1123 289 in
1146 257 1222 289 Not.
1245 268 1277 298 p.
1298 259 1373 295 29„
1405 256 1534 288 Aristin
1557 258 1765 299 cogitandum

108 328 184 349 esse
208 324 370 361 tamquam
391 315 628 354 citharoedum,
651 314 706 353 qui
726 313 767 345 ab
789 315 863 355 ipso
882 310 1042 354 Apolline
1066 311 1201 342 edoctus
1214 309 1310 340 Arati
1331 319 1457 341 amores
1481 312 1624 350 noverit,
1649 313 1764 342 nescio

106 370 184 410 quid
206 370 322 412 frigidi
342 370 497 400 continet.
862 409 871 424 ἦ

190 443 235 475 V.
259 444 329 475 103.
373 442 446 473 Vix
467 431 582 472 dubito
602 441 679 479 quin
700 451 743 472 ex
764 440 856 471 codd.
879 438 1033 480 plurimis
1057 436 1264 469 restituenda
1284 436 1329 466 sit
1349 435 1576 475 forma‘Opdlm
1591 438 1764 477 repudiata

107 498 140 528 in
161 496 306 538 antiquis
324 493 538 533 editionibus,
561 500 597 525 ut
615 494 757 533 videtur,
779 499 909 532 propter
927 491 1063 530 hiatum,
1085 500 1180 533 quem
1193 490 1227 520 in
1239 489 1307 520 arsi
1323 489 1484 520 immerito
1496 489 1761 522 reformidabant.

189 579 234 610 V.
258 582 327 611 105.
353 580 535 611 Hermanni
558 580 823 610 dissertationem
844 579 878 607 in
899 577 983 608 Oed.
1004 576 1076 606 Col.
1097 576 1189 616 praef.
1210 586 1243 615 p.
1264 573 1349 604 XVI
1369 586 1440 615 sqq.
1460 581 1556 615 atque
1576 574 1761 613 discrepan—

104 632 183 662 tiam
212 632 310 662 unius
341 632 464 662 codicis
496 630 717 661 consideranti
739 629 850 659 nescio
871 638 911 658 au
934 625 1117 668 probabilis
1141 625 1292 655 videatur
1313 623 1382 655 haec
1403 625 1608 664 conjectura:
1648 624 1693 656 εἴτ’
1717 623 1760 666 ἄρ’

105 682 142 724 ὅγ’
165 680 222 715 ἐστὶ
248 685 361 718 Φιλῖνος
381 685 437 714 κτλ
472 683 569 713 sive
601 681 686 712 ille
718 686 787 712 est
817 677 1022 710 Philinus
1062 678 1159 708 sive
1192 675 1311 706 alius
1345 676 1455 714 quis.
1501 674 1645 706 Videtur
1676 678 1762 707 enim

104 734 240 775 vulgata
263 735 425 774 scripturn
447 733 574 775 aliquid
598 734 784 764 inconcinni
815 730 956 769 habere,
991 740 1089 772 quum
1113 728 1324 760 Simichidam
1346 730 1499 770 ignorare
1522 739 1587 760 non
1607 732 1762 771 potuisse

100 797 218 819 nomen
236 789 347 827 pueri,
372 789 465 828 cujus
488 798 596 817 amore
608 786 730 817 Aratus
745 786 886 823 arderet,
915 790 1018 814 totum
1040 792 1169 814 carmen
1192 787 1305 822 aperte
1325 781 1535 812 demonstret.
1560 782 1602 813 cf.
1629 793 1661 813 v.
1687 785 1759 815 118.

103 842 173 873 121.
193 840 302 877 Quare
314 851 417 882 neque
434 840 519 871 illud
535 839 597 870 huc
612 840 759 882 quadrat,
776 838 861 877 quod
872 839 906 868 in
918 836 1099 868 questem.
1110 836 1158 866 ed.
1172 835 1225 866 Fr.
1237 834 1368 866 Jacobs.
1389 834 1448 878 [ex
1461 835 1604 866 Homero
1621 842 1656 866 ut
1667 836 1760 868 vide-

103 891 172 933 tur]
194 891 403 928 observavit,
425 889 507 920 hanc
530 899 604 919 esse
627 897 761 929 precum
784 886 970 925 formulam,
995 897 1058 928 qua
1081 896 1173 916 error
1195 892 1361 916 caveatur.
1398 885 1486 917 Mihi
1508 887 1641 918 videtur
1663 887 1758 919 locus

102 945 151 974 sic
175 943 380 981 accipiendus
409 952 503 979 esse,
533 947 569 971 ut
590 951 654 971 non
678 940 785 971 solum
807 939 982 978 Philinus,
1014 949 1109 980 quem
1131 939 1252 969 Aratus
1277 938 1338 969 illo
1361 945 1506 980 tempore
1529 944 1668 981 amavit,
1700 945 1760 975 sed

100 996 126 1028 ὶῑ
156 999 273 1036 etiam,
304 1008 385 1039 quos
414 999 529 1034 postea
550 995 672 1026 Aratus
703 999 869 1024 amaturus
900 994 966 1031 sit,
989 993 1184 1023 indicentur.
1214 991 1336 1023 Idcirco
1359 997 1536 1034 pronomen
1556 994 1605 1026 τὸν
1627 1006 1658 1027 v.
1688 998 1759 1030 103.

100 1061 164 1082 non
189 1052 231 1083 ad
249 1050 355 1082 solum
365 1049 544 1088 Philinum,
572 1049 631 1080 sed
654 1050 752 1080 etiam
774 1047 816 1078 ad
837 1046 937 1078 verba
959 1044 1012 1078 εἴτε
1031 1059 1074 1081 τις
1095 1045 1180 1081 ἄλλος
1203 1046 1409 1077 referendum
1431 1058 1507 1078 esse
1528 1049 1699 1081 existimo.

181 1124 225 1154 V.
250 1126 320 1155 108.
363 1124 431 1164 κρέα
451 1123 548 1154 τυτθοί
576 1122 761 1153 questem.
794 1120 956 1160 intelligit
993 1120 1058 1158 „de
1087 1120 1198 1159 praeda
1221 1130 1240 1149 a
1262 1120 1474 1151 venatoribus
1503 1122 1624 1161 facta.„
1667 1123 1756 1155 Cur?

102 1174 290 1215 Simplicius
301 1174 426 1205 referas
436 1174 476 1205 ad
494 1173 583 1205 solas
596 1184 723 1212 carues,
733 1183 813 1215 quas
823 1173 916 1211 pueri
929 1182 973 1202 ex
985 1172 1089 1202 sacris
1102 1171 1315 1211 accipiebant,
1326 1173 1479 1205 nimirum
1494 1174 1534 1206 ab
1546 1177 1601 1216 iis,
1621 1187 1757 1219 quorum

101 1237 169 1262 erat
192 1230 311 1260 festum
332 1228 417 1259 illud
437 1230 624 1259 instituere.
671 1227 752 1264 Quae
773 1238 886 1258 carnes
908 1229 938 1258 si
957 1229 1068 1266 pueris
1090 1229 1187 1258 nimis
1210 1238 1315 1268 parcae
1333 1228 1500 1267 darentur,
1527 1231 1633 1268 ipsum
1646 1232 1754 1271 deum,

100 1290 261 1324 tamquam
272 1282 339 1322 κρέα
350 1280 447 1312 τυτθὰ
466 1280 673 1318 praebentem,
692 1279 916 1321 flagellabant.
940 1279 1055 1315 τυτθὸν,
1074 1279 1307 1317 tantillum,
1327 1281 1609 1320 quasipronomen
1622 1282 1754 1312 demon-

99 1337 271 1368 strativum
294 1339 355 1365 est.
391 1332 552 1364 Caeterum
576 1334 739 1375 optativus
763 1343 826 1364 non
845 1339 995 1364 accurate
1013 1332 1181 1371 explicare
1196 1333 1327 1364 videtur
1345 1332 1635 1366 W'uestemannus.
1664 1335 1749 1368 Nam

97 1389 274 1430 μαστίσδοιεν
296 1388 439 1426 denotat,
460 1389 526 1419 nisi
550 1387 661 1425 fallor,
684 1386 865 1425 simplicem
891 1388 1088 1425 optationem
1111 1387 1162 1427 (Si
1177 1387 1344 1417 Philinum
1361 1388 1393 1417 in
1411 1398 1503 1418 caras
1524 1398 1637 1419 manus
1656 1389 1752 1421 Arati

99 1440 324 1477 inclinaveris,
339 1446 502 1480 optamus,
519 1437 811 1479 ne—flagellent),
824 1441 936 1468 contra
944 1438 1045 1480 παρείη
1055 1439 1177 1469 indicat
1189 1449 1256 1469 rem
1268 1439 1300 1468 in
1312 1437 1385 1468 sola
1396 1440 1594 1480 cogitatione
1601 1443 1752 1479 positam.

181 1520 225 1552 V.
250 1522 320 1552 115.
364 1523 450 1551 λιπεῖν
481 1519 624 1561 aliquem
653 1519 760 1550 locum
789 1521 942 1552 dicuntur
965 1523 1025 1561 dii,
1048 1524 1103 1561 qui
1127 1521 1293 1562 implorati
1316 1521 1356 1552 ab
1377 1522 1565 1555 hominibus
1590 1536 1651 1557 sua
1674 1529 1752 1559 sede

96 1574 213 1605 relicta
243 1573 422 1603 adveniunt
451 1572 491 1602 ad
517 1582 629 1601 eorum
658 1582 804 1611 praesens
837 1573 1013 1604 auxilium.
1063 1573 1170 1604 Verba
1192 1573 1253 1607 ἕδος
1274 1573 1343 1604 αἰπὺ
1374 1575 1484 1613 accipe
1508 1575 1557 1605 de
1581 1579 1750 1617 templo,

96 1626 215 1665 cujus
240 1624 411 1654 moenia
435 1624 474 1653 in
497 1622 785 1653 altitudinem
809 1630 1039 1655 exstructa
1061 1629 1180 1661 sunt,
1205 1623 1269 1653 etsi
1292 1623 1449 1664 templum
1471 1625 1577 1662 ipsum
1599 1628 1633 1657 in
1655 1628 1750 1659 molli

96 1677 220 1709 calamo
250 1677 273 1707 i.
307 1687 335 1706 e.
369 1677 402 1705 in
436 1675 509 1705 loco
539 1674 680 1713 palustri
711 1676 811 1706 situm
834 1675 907 1706 fuit.
929 1675 971 1706 cf.
996 1674 1167 1713 xxvm,
1190 1676 1221 1705 4.
1254 1674 1401 1715 Κύπριδος
1422 1675 1482 1716 ἱρὸν
1502 1677 1622 1717 καλάμω
1641 1679 1750 1719 χλωρὸν

94 1725 191 1760 ν’παὶ
216 1727 336 1757 ’ualui
380 1725 450 1768 [De
471 1725 529 1756 hoc
566 1724 637 1755 loco
662 1724 761 1756 liceat
783 1725 865 1756 mihi
890 1736 994 1767 pauca
1018 1725 1070 1756 hic
1098 1726 1209 1756 statim
1230 1725 1421 1767 adjungere.
1461 1725 1651 1759 Meinekius
1676 1740 1748 1761 cum

95 1781 192 1821 signo
215 1777 407 1816 corruptelae
430 1778 566 1808 retinuit
588 1777 740 1814 ὑπαπάλω,
764 1777 971 1808 Hermannus
994 1778 1028 1807 in
1051 1777 1305 1808 Zimmermanni
1329 1777 1447 1808 Diurn.
1473 1779 1572 1817 antiq.
1597 1790 1627 1810 a.
1653 1781 1746 1815 1837.

92 1843 123 1872 p.
146 1832 218 1863 232.
240 1831 408 1869 proposuit
429 1830 474 1861 ὑπ’
498 1830 622 1870 ἀμπάλω
642 1830 664 1860 i.
689 1840 716 1859 e.
739 1829 851 1860 aeolice
873 1830 993 1860 dictum
1015 1840 1074 1871 pro
1095 1830 1247 1871 ἆμᾳιάλου.
1292 1829 1356 1861 Sed
1378 1830 1521 1870 ἀμφίαλος
1541 1833 1675 1872 ponitur
1693 1835 1746 1865 vel

93 1884 134 1914 de
154 1882 239 1921 loco,
262 1883 316 1920 qui
339 1881 379 1911 ab
404 1886 540 1923 utraque
559 1888 649 1921 parte
665 1884 746 1913 mari
763 1883 983 1913 circumdatus
1003 1888 1065 1920 est,
1088 1886 1124 1912 ut
1141 1882 1274 1913 bimaris
1289 1881 1478 1922 Corinthus,
1502 1883 1558 1915 vel
1571 1885 1611 1916 de
1624 1887 1744 1926 insula,

93 1945 164 1974 quae
195 1933 236 1966 ab
266 1933 416 1965 omnibus
449 1934 599 1975 partibus
628 1934 798 1966 cicumflua
829 1940 900 1972 est,
933 1940 969 1964 ut
996 1933 1118 1965 Ithaca.
1163 1933 1247 1965 Num
1279 1945 1356 1964 vero
1380 1934 1576 1967 alterutrum
1606 1939 1689 1968 cadit
1711 1940 1745 1969 in

93 1985 247 2024 templum
274 1985 441 2016 Veneris?
476 1986 619 2018 Ahrens.
653 1987 693 2017 de
722 1985 801 2017 dial.
830 1984 927 2016 Aeol.
956 1996 986 2024 p.
1006 1987 1078 2018 275.
1109 1985 1263 2017 exhibuit
1291 1986 1336 2017 ὑπ’
1359 1986 1472 2024 rinaldi,
1498 1999 1687 2031 quamquam
1710 1992 1744 2021 in

91 2038 198 2079 prima
224 2036 353 2077 syllaba
384 2043 532 2076 correpta
559 2038 709 2070 offendit.
754 2038 825 2079 Ego
853 2037 983 2076 quidem
1005 2038 1040 2068 in
1059 2039 1278 2078 conjecturam
1297 2048 1396 2079 supra
1418 2041 1528 2071 statim
1548 2041 1745 2083 adscriptam

92 2090 206 2127 incidi,
227 2096 261 2120 ut
280 2091 417 2128 primum
440 2089 509 2131 legi
521 2089 701 2122 Hermanni
724 2098 758 2122 et
775 2090 952 2122 Fritzschii
968 2091 1226 2123 emendationem
1243 2093 1277 2122 in
1294 2091 1404 2124 Aesch
1421 2092 1592 2125 Eumenid.
1615 2104 1648 2126 v.
1670 2095 1743 2127 533.

91 2141 242 2171 λαπαδνόν.
263 2140 413 2171 Formam
435 2139 506 2172 ὑπαὶ
527 2140 686 2172 substitui
702 2143 771 2182 jam
792 2140 900 2174 voluit
922 2140 1145 2183 wartonus}
