1872 2345
819 69 1075 107 -20-

111 155 205 196 VIII,
226 156 278 189 ³4.
302 158 550 198 „promissaque
570 156 709 198 barba“‚
732 157 789 189 uhi
812 158 853 189 cf.
884 158 981 190 Voss.
1004 169 1035 200 p.
1061 159 1131 191 111.
1151 158 1191 190 ed
1211 157 1252 191 Π.
1275 157 1358 191 Nam
1380 158 1443 190 T-h.
1455 159 1539 198 XX,
1560 162 1591 192 8.
1611 158 1644 192 τὸ
1666 159 1765 201 γένειον

112 214 226 254 signif.
252 214 396 247 barbam.
419 215 584 246 Similiter
602 214 664 254 vl,
686 217 717 248 3.
735 216 887 257 ἡμιγένειος.
911 216 944 246 ib
965 216 1066 249 36.τά
1087 217 1182 257 γένεια.
1198 216 1262 255 ΧΙ,
1282 218 1312 249 9.
1333 216 1396 258 ἄρτι
1416 217 1586 257 γενειάσδων.
1612 215 1772 253 Ceterum-

112 270 153 302 de
179 272 357 312 suspendio
381 272 423 302 cf.
448 273 547 302 etiam
571 270 788 313 Calpurnium
812 271 882 302 Ecl.
905 271 963 311 111,
987 274 1039 305 86.

244 343 373 380 Quodsi
394 347 501 386 turpis
527 356 616 375 amor
637 345 802 386 precibus,
826 345 911 386 quod
936 345 1118 384 abominor,
1143 347 1220 377 istis

243 400 443 441 obstiterit,
463 401 618 444 laqueum
639 403 755 433 miseri
778 408 945 433 nectemus
970 401 1011 432 ab
1033 401 1096 433 illa

241 457 336 490 Ilice.

196 529 240 563 V.
265 533 317 566 15.
358 536 408 566 νῦν
428 533 511 575 ἔγνων
531 532 580 565 τὸν
595 532 720 574 Ἔρωτα·
740 532 831 575 βαρὺς
850 532 927 569 θεός·
949 530 967 575 ἦ
987 536 1025 575 ῥα
1046 532 1158 569 λεαίνας

360 591 468 633 μασδὸν
488 591 617 632 damage,
640 594 735 632 δρυμῶ
756 592 790 623 τέ
806 605 848 623 νιν
868 592 973 634 ἔτραᾳε
992 591 1095 632 μάτηρ,

197 662 382 696 IVuestem.
414 665 600 695 adnotavit:
645 663 743 703 „Alii
773 664 875 706 vulgo
898 666 1026 705 ἑθὴλαζε,
1048 674 1108 706 pro
1139 674 1201 703 quo
1218 662 1357 704 vKiessl.
1380 663 1551 705 ἑθήλασδε.“
1593 664 1638 696 At
1663 664 1767 695 forma

110 719 252 760 ἕθῆλασδε
271 733 335 752 non
357 722 503 763 profecta
524 728 574 752 est
598 732 617 752 a
638 721 861 762 Kiesslingio‚
887 723 945 753 sed
970 727 1062 753 extat
1085 723 1119 752 in
1142 721 1321 752 codicibus.
1345 721 1489 753 Eandem
1515 723 1651 752 formam
1676 732 1771 766 rece--

110 778 157 815 pit
186 779 284 809 etiam
312 778 517 809 Meinekius.
562 778 635 819 Ego
665 788 742 809 vero
771 779 915 809 nondum
949 778 1068 809 falsam
1097 779 1280 817 putaverim
1307 778 1445 819 Spohnii
1475 778 1593 819 (Lectt.
1624 777 1764 809 Theocr-

112 833 250 873 Specim.
281 835 307 867 Ι.
333 847 366 877 p.
395 837 460 876 1².)
494 836 751 874 dubitationem,
783 837 860 874 quin
892 838 926 866 in
956 836 1075 878 quibus
1107 834 1279 866 vocabulis
1305 839 1341 867 σδ
1361 835 1480 866 litterae
1505 837 1601 866 nimis
1623 836 1764 866 vicinam

111 890 269 922 haberent
290 893 435 923 litteram
456 898 489 929 θ,
510 892 707 923 Theocritus
731 892 809 923 illas
831 903 889 931 pro
911 894 929 930 ζ
945 894 1111 931 posnerit3
1133 902 1324 933 quamquam
1349 891 1379 922 h.
1404 892 1428 923 l.
1452 894 1558 934 magis
1579 891 1688 933 placet
1709 901 1765 921 ao-

110 949 214 980 ristus
237 955 370 991 propter
389 956 578 988 sequentem
601 951 760 981 aoristum
781 960 839 988 per
857 950 1050 988 particulam
1072 962 1102 981 τε
1124 950 1200 990 (non
1221 947 1281 990 mxl)
1305 949 1479 981 adnexum.
1524 950 1625 981 Porro
1648 948 1765 981 scribit

109 1005 315 1037 Wuestem.:
360 1007 528 1046 „Attende
551 1007 592 1037 ad
615 1007 762 1037 dativum
784 1010 886 1047 δρυμῷ,
910 1017 972 1046 quo
996 1006 1090 1037 locus
1114 1007 1322 1047 exprimitur.
1354 1004 1420 1042 Qui
1444 1018 1524 1037 usus
1546 1006 1642 1037 valde
1666 1007 1767 1037 infre-

110 1074 212 1102 quens
246 1066 333 1095 est.“
376 1063 443 1094 Cur
473 1063 572 1094 valde
604 1064 842 1105 infrequentem
875 1064 963 1094 dicat
993 1063 1079 1093 hunc
1101 1073 1197 1093 usum
1224 1073 1288 1094 non
1308 1063 1485 1105 intelligo,
1522 1074 1620 1105 quum
1640 1063 1767 1105 legenti

110 1122 222 1152 statim
245 1122 279 1152 in
297 1127 438 1152 mentem
461 1122 595 1151 veniant
618 1120 771 1159 exempla
791 1124 960 1162 poetarum
981 1119 1153 1160 permulta,
1174 1121 1209 1151 in
1232 1120 1352 1162 quibus
1376 1121 1445 1152 hoec
1463 1120 1656 1162 principalis
1675 1121 1765 1151 notio

112 1179 217 1209 dativi
245 1180 424 1209 invenitur.
469 1177 660 1209 Tritissima
690 1183 767 1209 sunt
797 1177 990 1209 Homerica:
1033 1180 1120 1218 μυχῷ,
1143 1177 1238 1218 αἰθέρι
1258 1177 1352 1215 ναίων,
1373 1178 1448 1219 εὐρέϊ
1463 1178 1565 1217 πόντῳ,
1588 1177 1679 1219 οὔρεσι
1700 1177 1768 1209 alia

112 1236 217 1278 (locos
242 1235 362 1277 ubique
383 1234 499 1266 obvios
523 1235 711 1276 suppeditat
729 1234 832 1265 index
858 1234 1000 1276 Seberi),
1024 1235 1230 1265 notissimum
1248 1234 1467 1276 Sophocleum
1488 1236 1548 1267 ἀλλ’
1571 1235 1604 1267 ἔα
1625 1248 1659 1275 με
1679 1235 1767 1267 ναίειν

112 1294 220 1334 ὄρεσσιν
240 1292 338 1333 (Oed.
364 1291 442 1332 Tyr.
469 1293 573 1332 1415).
614 1290 683 1322 Nec
705 1292 813 1322 minus
835 1298 913 1322 nota
936 1297 1012 1322 sunt
1036 1301 1080 1321 ex
1103 1292 1252 1329 prosaica
1272 1293 1419 1322 oratione
1442 1294 1576 1328 Δωδῶνι,
1598 1294 1767 1333 Μαραθῶνι

110 1353 261 1390 Σαλαμῖνι,
281 1348 426 1390 Ἐρχίασιν
456 1347 555 1389 (Plat.
578 1347 690 1378 Alcib.
713 1347 739 1378 Ι.
760 1359 790 1387 p.
817 1349 886 1381 123.
908 1347 972 1389 C.)‚
993 1347 1071 1378 alia·
1115 1346 1228 1385 Itaque
1251 1349 1356 1379 satius
1379 1345 1443 1378 fui't
1460 1350 1585 1379 tirones
1611 1347 1767 1389 ablegare

113 1408 152 1438 ad
175 1407 460 1448 grammaticorum
485 1405 677 1445 compendia
700 1404 807 1445 (Rost.
830 1406 859 1442 ξ.
890 1406 958 1443 106,
982 1406 1009 1436 1.
1035 1414 1064 1434 e.
1107 1402 1270 1435 Matthiae.
1295 1405 1324 1441 ξ.
1347 1406 1416 1443 406,
1440 1404 1470 1436 b.
1514 1403 1682 1436 Kuehner.
1708 1404 1765 1436 Gr.

111 1465 189 1495 min.
211 1465 240 1501 ξ.
264 1464 336 1495 492.
380 1460 582 1501 Bernhardy.
604 1471 637 1502 p.
658 1462 707 1500 80l
729 1461 773 1501 7.)

196 1554 240 1584 V.
262 1554 314 1585 21.
356 1551 405 1585 τὸν
425 1552 564 1593 στέφανον
584 1552 665 1584 enat
679 1565 714 1593 με
733 1550 891 1583 καταυτίκα
912 1552 1001 1584 λεπτὰ
1021 1556 1152 1594 ποιησεῖς,

194 1627 381 1659 VVuestem.
402 1626 503 1657 verba
525 1628 573 1657 ita
591 1628 724 1668 jungit:
747 1627 922 1664 »κατατῐλαί
937 1640 972 1667 με
994 1632 1117 1666 ποιησεῖς
1138 1626 1240 1659 αὐτίκα
1262 1626 1406 1668 [excidit
1429 1626 1514 1657 haud
1538 1625 1638 1657 dubie
1657 1628 1763 1672 λεπτὰ]

113 1686 259 1727 στέφανον.
289 1684 483 1722 Praepositio
506 1684 543 1718 εἰς
561 1685 594 1713 in
615 1683 667 1714 his
690 1685 797 1714 omitti
818 1683 916 1714 solet.
939 1684 980 1713 cf.
1002 1682 1049 1713 Id.
1067 1682 1131 1721 lx,
1152 1686 1203 1716 25.
1226 1684 1306 1715 πέντε
1326 1682 1425 1723 ταμὼν
1445 1683 1518 1714 πέντ’
1541 1680 1643 1715 οὖσιι·.“
1672 1684 1771 1716 Hane

114 1743 380 1774 observationem
403 1740 515 1770 nescio
539 1750 579 1769 an
599 1741 671 1781 ipse
691 1751 775 1771 nunc
796 1739 967 1778 improbet.
1012 1739 1205 1771 Meinekins
1227 1741 1364 1771 retinuit
1386 1740 1552 1776 καταυτίκα,
1583 1750 1677 1778 quam
1699 1742 1767 1773 sor-

111 1810 197 1832 mam
212 1800 281 1840 jam
308 1797 450 1829 Vossius
475 1797 561 1827 tueri
584 1804 718 1829 conatus
744 1804 804 1828 est.
829 1797 870 1828 cf.
896 1798 995 1828 etiam
1012 1796 1156 1829 Boisson
1178 1799 1212 1829 in
1229 1797 1353 1829 Anecd.
1376 1795 1480 1827 Groec.
1504 1796 1618 1828 T.1v.
1637 1809 1670 1839 p.
1693 1799 1765 1831 319.

114 1866 307 1899 quamquam
330 1854 429 1885 aliter
447 1854 575 1894 judicat
598 1854 763 1895 Spitzner.
787 1855 822 1883 in
844 1852 941 1884 lliad.
964 1854 1012 1893 X,
1035 1856 1107 1886 273.
1151 1854 1223 1895 Ego
1246 1854 1389 1884 nondum
1411 1853 1572 1892 adducor,
1596 1857 1632 1884 ut
1655 1864 1767 1887 vocem

112 1913 273 1947 xctaeamt'noe
294 1912 470 1951 composito
493 1910 657 1953 παραυτίκα
683 1909 742 1953 [cf.
764 1909 910 1942 Lobeck.
933 1911 967 1942 in
979 1911 1099 1952 Phryn.
1122 1921 1152 1950 p-
1175 1911 1226 1944 47.
1250 1909 1355 1954 extr.]
1382 1911 1463 1941 satis
1486 1910 1618 1942 defendi
1637 1921 1765 1952 negem.

113 1972 246 2004 Deinde
267 1971 380 2007 miror,
400 1969 484 2007 qnod
505 1969 639 2000 admisit
656 1968 841 2000 Wuestem.
866 1969 913 2009 (ut
937 1969 1017 2000 olim
1026 1967 1273 2007 {Causaubonus
1298 1966 1482 1998 etVossius
1506 1969 1541 1998 in
1560 1967 1637 1999 Not.
1658 1978 1690 2008 p.
1716 1970 1765 2002 19.

113 2027 284 2068 volebant)
313 2024 469 2066 ellipsin,
492 2036 562 2066 quae
582 2026 725 2066 juvenes
747 2035 767 2055 a
789 2035 868 2056 vero
889 2025 1031 2057 abducit.
1056 2023 1265 2056 Vocabulum
1283 2023 1371 2055 λεπτὰ
1392 2025 1503 2065 potius
1527 2021 1766 2056 adverbialiter

116 2085 343 2128 accipiendum
362 2089 423 2114 est.
469 2081 662 2124 Comparari
695 2082 930 2125 quodammodo
950 2088 1061 2124 potest
1091 2085 1238 2113 nostrum
1258 2083 1327 2111 eme
1357 2080 1459 2113 Sucke
1480 2081 1564 2112 blein
1582 2083 1765 2119 zerreissen,

114 2142 222 2174 Steine
250 2142 333 2173 kleiu
361 2139 524 2180 edlagen,
555 2148 747 2181 quamquam
777 2139 813 2169 in
842 2140 1005 2180 ejusmodi
1027 2136 1180 2170 formulis
1203 2137 1316 2179 potius
1337 2138 1426 2169 inest
1447 2138 1539 2168 notio
1557 2138 1607 2169 rei
1627 2138 1762 2170 effectae.
