1872 2345
798 65 1087 115 -46-,

96 159 198 190 statio
216 156 362 194 navalis,
393 154 518 193 Rheae,
551 155 706 187 bedeutet.
749 154 793 186 Ja
815 165 848 186 es
872 154 991 186 scheint
1012 164 1112 196 wgm·
1133 155 1187 187 die
1207 151 1312 186 Fahrt
1333 154 1431 186 celbn
1451 152 1539 196 ὅρμος
1558 160 1699 197 genennt
1721 164 1760 188 zu

98 212 235 249 werden,
256 214 313 241 πίε
332 210 442 250 odyn.
462 208 572 247 XIII,
592 208 681 251 ὅρμου
701 209 801 251 μέτρον
823 208 953 246 ἵκωνται,,
970 212 1040 240 eine
1053 209 1164 247 stelle,
1185 210 1238 241 die
1255 208 1414 241 vielleae’cltt
1429 220 1522 241 unser
1537 210 1655 247 εὔπλοος
1674 209 1761 252 ὅρμος

98 276 148 297 am
171 265 273 297 bes-ten
298 264 450 295 er·kliIrl.“
479 263 585 295 Ambo
610 265 714 306 igitur
731 270 762 294 et
781 263 988 294 llerinannus
1019 269 1051 293 et
1074 262 1240 295 Greverus
1267 270 1415 295 statuunt
1433 263 1520 305 ὅρμον
1548 267 1654 297 activa
1684 276 1763 305 qua-

100 322 172 353 dam
186 320 431 361 significatione
450 320 574 350 dictum
594 331 681 358 esse,
704 319 735 349 h.
760 330 789 349 e.
813 319 935 348 navis
958 318 1202 359 appulsum.
1228 319 1293 350 Sed
1312 320 1379 350 haee
1402 319 1604 361 significatio
1625 320 1760 352 aliunde

98 384 161 405 non
183 379 322 411 constat,
346 384 452 415 neque
476 374 650 414 quidquam
673 373 887 409 convincunt,
911 377 947 401 ut
971 371 1053 401 mihi
1076 373 1219 413 videtur,
1242 374 1308 405 loci
1329 374 1436 405 allati.
1480 373 1564 405 Nam
1586 372 1683 412 Xffl,
1705 374 1758 407 30.

95 425 161 458 εἴσω
174 425 288 467 δ’ὃρμον
310 426 410 457 ἔθεντο
433 425 626 467 Προποντίδος
646 425 732 464 sign.
763 424 880 453 intra
913 422 1218 463 Propontidem
1248 425 1341 456 sibi
1362 425 1655 457 reddiderunt
1677 431 1761 456 sta-

98 481 260 511 tionem
281 480 483 511 navalem
502 481 524 510 i.
544 490 572 509 e.
594 480 637 520 (si
663 488 795 509 sensum
826 478 1022 519 spectamus)
1044 477 1286 510 subierunt
1307 482 1547 511 stationem
1568 479 1759 511 navalem

100 536 146 565 ele
168 534 267 572 Helen
290 535 349 572 argf
368 536 458 564 emen
476 532 671 574 Ankerplatz
690 532 854 563 iuuet-lmlb
876 533 934 563 der
951 533 1133 574 Propontis.
1167 532 1269 563 Porro
1293 534 1325 563 in
1349 533 1422 564 loco
1434 533 1641 573 Philoctetis‚
1664 543 1760 576 quem

97 589 132 619 in
154 598 251 618 usum
271 588 402 618 vocavit
424 586 604 625 Greverus,
636 586 845 617 Hermannus
868 588 963 617 metri
987 587 1086 618 simul
1110 587 1233 618 indicio
1257 587 1349 629 ὁρμὰν
1381 598 1466 619 nunc
1489 590 1624 629 scripsit
1644 588 1756 630 addita

99 643 343 684 explicatione:
368 643 486 681 „navis
509 641 744 682 inhospitalem
768 641 940 682 appulsum
961 642 1052 680 dicit,
1076 642 1109 672 id
1130 645 1181 672 est
1202 643 1236 671 in
1256 649 1352 680 portu
1373 640 1602 679 inhospitali.“
1634 641 1758 672 Etiam-

98 696 130 726 si
146 705 224 725 vero
242 695 340 725 etiam
357 694 429 732 quis
447 692 599 734 praeferat
616 691 788 733 vulgatum
806 690 902 733 ὅρμον,
919 691 1004 723 nihil
1022 692 1155 723 denotat
1173 693 1258 724 nisi:
1281 691 1514 732 inhospitalem
1529 693 1755 734 stationem.*)

96 747 221 778 Locum
243 746 381 785 denique
406 744 566 785 Odysseae
587 743 686 783 Xlll,
709 745 791 775 100:

409 798 544 829 ἔντοσθεν
568 796 616 839 [h.
641 807 669 827 e.
692 796 721 827 ἐν
746 795 893 837 Φόρκυνος
912 793 1014 837 λιμένι]
1037 794 1070 826 δέ
1086 794 1178 827 τ’ἆνευ
1199 798 1309 836 δεσμοῖο
1329 795 1457 836 μένουσιν

401 852 465 889 νῆες
485 848 637 888 ἐΰσσελμοι,
660 846 738 879 ὅτίἲν
760 846 847 889 ὅρμου
867 847 968 889 μέτρον
989 847 1111 880 ἵκωνται.

96 903 182 935 hunc
211 904 315 944 igitur
344 901 467 940 locum,
500 907 536 931 ut
569 901 644 931 inde
676 901 785 931 activa
813 901 904 930 vocis
935 901 988 930 vis
1018 899 1173 939 probetur
1195 899 1339 931 alienum
1361 911 1437 932 esse
1456 910 1551 932 nemo
1569 911 1633 933 non
1654 902 1758 934 videt.

97 958 198 990 Recte
230 956 446 989 Wiedasch.:
477 956 589 986 soludd
615 966 671 986 zur
693 954 795 986 Bucht
812 958 858 986 eie
880 955 1017 996 gelangt
1039 955 1121 986 stud.
1166 954 1231 986 Sed
1254 956 1436 996 comparari
1458 962 1565 994 potest
1589 955 1644 987 hic
1666 955 1760 988 locus

97 1012 138 1042 ad
163 1020 295 1041 sensum
317 1008 384 1039 loci
403 1007 594 1038 Theocritei
617 1006 883 1048 intelligendum.
929 1006 1008 1037 Haec
1032 1007 1118 1036 enim
1141 1007 1238 1044 ratio,
1261 1007 1328 1036 nisi
1349 1017 1421 1037 mea
1442 1017 1493 1037 me
1516 1006 1605 1037 fallit
1629 1009 1756 1048 opinio,

98 1065 240 1096 ineunda
263 1069 324 1093 est.
368 1062 577 1102 Adjectivum
598 1061 716 1096 εὖπλοος
742 1063 884 1102 pertinet
907 1062 947 1091 ad
972 1061 1161 1091 istiusmodi
1178 1060 1350 1099 vocabula,
1375 1070 1444 1099 quoe
1457 1060 1619 1099 duplicem
1636 1060 1757 1092 habent

98 1125 318 1162 potestatem,
351 1123 388 1147 ut
417 1123 448 1146 et
478 1117 583 1146 active
609 1123 641 1147 et
673 1118 805 1157 passive
837 1117 1013 1146 dicanturr.
1057 1115 1169 1154 Itaque
1191 1117 1323 1156 ponitur
1346 1115 1463 1150 εὔπλοος
1484 1114 1539 1145 vel
1563 1116 1602 1145 de
1627 1126 1678 1154 eo,
1701 1117 1757 1155 qui

98 1173 180 1203 bene
204 1171 357 1210 navigat,
389 1168 444 1200 vel
467 1169 506 1199 de
529 1168 620 1207 loeo,
654 1168 709 1199 ubi
733 1169 815 1200 bene
836 1171 1033 1210 navigatur,
1066 1168 1123 1199 ubi
1144 1169 1260 1200 εὔπλοιιι
1283 1174 1351 1206 est,
1383 1168 1519 1206 ideoque
1544 1168 1583 1198 de
1606 1167 1679 1198 loco
1701 1170 1758 1207 qui

97 1223 329 1265 navigantibus
356 1229 557 1262 opportunus
579 1228 641 1252 est.
675 1222 801 1253 Horum
832 1223 1078 1264 significaturum
1110 1224 1327 1263 posteriorem
1359 1222 1475 1252 cadere
1496 1227 1574 1261 puto
1595 1220 1757 1252 inlocum

97 1277 280 1314 Theocriti,
304 1276 360 1317 qui
381 1279 449 1305 tum
471 1274 552 1306 hanc
572 1274 695 1314 praebet
715 1276 930 1307 sententiam:
952 1277 1107 1306 veniat
1139 1276 1181 1306 in
1214 1276 1448 1305 stationem
1477 1274 1757 1315 navigationi

96 1332 191 1362 sive
222 1327 537 1369 navigantibus
569 1334 852 1368 opportunam
873 1338 909 1359 er
930 1330 1020 1368 mb'ge
1042 1337 1083 1358 tm
1103 1329 1194 1358 einen
1205 1328 1271 1366 fiir
1290 1328 1341 1358 die
1363 1326 1556 1366 Schefl'jtdtrt
1575 1331 1672 1367 guten
1690 1326 1757 1358 Αιι-

97 1384 239 1427 kerplatz
261 1383 404 1414 kommen.
447 1382 529 1413 Eam
551 1383 852 1421 interpretationem
874 1383 1066 1415 confirmant
1090 1382 1192 1414 verba
1212 1384 1363 1422 proxime
1385 1392 1581 1424 praegressa.

178 1474 223 1512 V,
244 1475 296 1505 63.
338 1476 405 1512 τῆνο
427 1472 488 1503 κατ’
512 1470 599 1513 ἆμαρ.
642 1473 781 1503 Greveri
806 1472 1007 1514 (Nachtriige
1036 1484 1067 1512 p.
1096 1474 1144 1512 9.)
1175 1471 1276 1503 verba
1295 1472 1398 1502 latine
1426 1472 1554 1502 reddita
1574 1472 1642 1504 haec
1663 1480 1755 1506 sunt:

101 1528 201 1568 „Quo
219 1527 294 1557 diet
319 1526 405 1557 Num
426 1526 511 1556 forte
531 1537 582 1565 eo,
604 1537 667 1568 quo
679 1526 841 1567 Ageanax
858 1525 1038 1565 Mytilenas
1049 1525 1261 1567 pervenerit?
1284 1525 1328 1556 At
1350 1525 1433 1556 hunc
1455 1526 1539 1556 diem
1559 1536 1622 1557 non
1643 1530 1756 1569 cogni-

98 1589 165 1612 tum
189 1578 306 1616 habet,
337 1584 454 1618 postea
477 1577 604 1607 demum
630 1584 824 1618 cognoscet,
860 1578 999 1618 ideoque
1030 1577 1089 1608 hoc
1121 1578 1190 1616 ipso
1219 1577 1272 1608 die
1295 1577 1468 1619 indulgere
1491 1589 1550 1608 suo
1573 1580 1671 1620 genio
1692 1590 1756 1611 non

100 1633 240 1676 poterit!
275 1630 390 1668 Neque
414 1631 519 1671 magis
543 1630 797 1671 intelligendum
822 1637 873 1660 est
895 1634 1037 1671 tempus,
1069 1641 1130 1670 quo
1161 1631 1290 1661 domum
1312 1632 1460 1670 redierit,
1490 1642 1563 1662 nam
1584 1633 1756 1673 ,uepnvoepst'voy

96 1699 127 1718 v.
150 1688 202 1717 69.
228 1685 351 1714 indicat
374 1693 449 1713 eum
472 1682 626 1713 al›esse.“
651 1682 717 1718 Qui
741 1682 822 1713 talia
842 1682 937 1724 legit,
961 1685 1108 1721 miratur,
1132 1684 1216 1721 quod
1230 1682 1410 1714 Greverum
1428 1684 1596 1714 offendere
1609 1687 1754 1725 potuerit

100 1750 164 1776 res,
189 1747 284 1776 quam
306 1736 406 1766 tacito
430 1734 513 1775 fingi
537 1733 596 1764 alii
617 1741 783 1772 poetarum
807 1734 873 1765 loci
897 1741 1068 1765 testantur.
1114 1734 1196 1766 Nam
1219 1736 1362 1773 ineptum
1385 1735 1448 1766 fuit
1472 1735 1606 1767 uberius
1629 1737 1752 1768 descri-

96 1791 185 1828 bere,
210 1788 369 1828 quomodo
393 1787 434 1818 ad
458 1786 617 1827 Lycidam
638 1786 787 1827 perlatus
811 1788 855 1817 sit
877 1788 1033 1827 nuntius,
1066 1786 1289 1829 Ageanactem
1311 1787 1491 1828 Mytilenas
1515 1788 1660 1820 feliciter
1679 1801 1754 1831 per-

98 1851 244 1873 venisse.

181 1913 225 1944 V.
248 1913 298 1944 65.
341 1911 389 1943 τόν
412 1908 601 1942 nummum
631 1910 712 1942 οἶνον.
757 1907 829 1940 Non
852 1908 957 1948 placet
977 1910 1110 1941 articuli
1133 1911 1186 1942 vis
1207 1910 1255 1941 sic
1279 1909 1467 1941 illustrata:
1495 1912 1632 1950 „vinum
1655 1911 1753 1952 illud,

95 1967 181 2007 qnod
203 1976 316 1997 omnes
339 1971 470 2003 norunt,
493 1964 667 1995 laudant.“
712 1963 798 1996 Nam
818 1975 911 1995 nemo
933 1967 1036 2005 novit,
1060 1976 1153 1997 nemo
1175 1965 1288 1996 laudat
1309 1967 1376 1996 nisi
1401 1966 1607 1997 scholiastae.
1638 1965 1752 2009 Itaque

130 2094 158 2127 *)
194 2092 231 2118 cf.
250 2090 375 2117 Ellendt.
395 2091 463 2117 Lex.
485 2090 570 2125 Soph.
588 2100 611 2118 s.
630 2100 656 2117 v.
677 2083 779 2121 ἄξενος.
814 2092 858 2118 De
876 2093 960 2119 verbo
983 2084 1118 2126 αὐγάζων,
1139 2091 1210 2126 quod
1228 2092 1269 2118 ibi
1288 2093 1402 2126 legitur,
1421 2095 1526 2126 praeter
1541 2092 1628 2119 Emsl.
1649 2093 1677 2119 in
1685 2092 1752 2120 Eur.

196 2133 282 2159 Bach.
302 2134 378 2165 595„
398 2140 479 2166 qnem
497 2134 594 2159 laudat
611 2134 778 2165 Wunderus,
796 2133 907 2160 laudari
925 2135 1016 2168 potuit
1034 2135 1127 2160 Lucas
1145 2134 1250 2165 Quaest.
1269 2135 1361 2161 Lexil.
1380 2134 1408 2165 1,
1425 2142 1452 2168 p.
1470 2134 1514 2161 30.
