1872 2345
833 48 1086 89 ...40-

128 142 342 175 consentiunt
372 138 500 172 Kiessi.
529 141 566 171 et
595 137 800 179 Wuestem.‚
827 139 859 172 ἐκ
879 137 966 175 ποδὸς
997 137 1084 170 idem
1109 140 1195 181 quod
1219 136 1287 173 md}
1316 150 1391 172 esse
1421 146 1604 174 statuentes
1624 147 1791 181 praeunte

131 194 339 236 Musgravio.
386 192 551 222 Praeterea
571 190 756 223 Wuestem.
778 192 874 222 affert
897 190 1015 223 Matt'h.
1040 190 1097 222 Gr.
1119 191 1176 224 Gr.
1200 194 1228 231 ᾗ.
1246 193 1319 225 396.
1342 191 1419 224 Not.
1441 195 1472 225 2.
1514 194 1580 225 Sed
1602 193 1656 225 hic
1680 204 1789 235 gram·

128 248 268 278 uiaticus
291 246 417 275 ratione
443 244 542 285 hujus
564 255 646 276 usus
670 255 733 275 non
754 246 836 276 satis
860 250 1031 286 perspecta
1052 254 1122 284 quae
1143 246 1343 277 secernenda
1364 252 1439 277 sunt
1461 246 1613 286 exempla
1628 245 1792 286 permulta

128 298 309 340 congessit.
354 295 404 327 lta
427 296 640 327 Homericum
669 296 697 327 ἐν
716 297 910 338 ὀφθαλμοῖσιν
931 296 1043 338 ὁρῶμαι
1064 306 1128 328 non
1152 303 1203 329 est
1224 307 1282 328 vor
1308 296 1433 339 Augen,
1453 307 1559 337 neque
1581 299 1688 340 magis
1712 308 1792 330 vera

129 357 183 382 est
196 350 390 391 explanatio
401 349 544 379 aliorum
555 349 789 387 exemplorum.
810 349 851 379 cf.
872 348 1103 390 Naegelsbach.
1126 351 1159 380 in
1176 350 1278 381 Hom.
1300 350 1340 382 11.
1356 351 1383 389 1,
1398 353 1470 383 587.
1487 362 1518 392 p.
1537 353 1604 386 863
1627 349 1788 381 Wunder.

130 405 166 434 in
193 402 293 444 Soph.
327 402 469 433 Philoct.
501 413 533 433 v.
556 404 598 433 60
620 408 652 432 et
674 403 724 433 91.
769 400 892 432 Nostro
923 401 1017 441 loco,
1054 403 1084 433 si
1106 402 1209 434 verba
1230 404 1271 435 de
1295 403 1472 436 Chalcouis
1494 404 1575 444 pede
1599 402 1791 445 accipienda

131 461 254 497 essent,
279 458 308 489 ἐκ
330 457 418 493 ποδὸς
436 467 540 499 prope
560 455 690 497 quidem
710 455 877 486 accederet
898 456 939 486 ad
961 456 1064 487 dativi
1085 458 1258 497 rationem,
1280 458 1338 490 sed
1360 469 1422 490 non
1443 465 1507 490 tam
1526 460 1788 496 instrumentum,

130 518 194 550 quo
211 512 286 542 fons
298 510 412 542 abillo
425 510 522 540 heroe
544 514 677 549 apertus
694 509 750 546 sit„
770 519 864 549 quam
875 519 992 540 caussa
1010 510 1225 549 iudicaretur,
1243 518 1403 550 quatenus
1421 514 1472 543 vis
1490 519 1522 543 et
1539 511 1679 543 facultas
1692 509 1790 541 illum

129 565 255 597 fontem
279 564 449 606 aperiendi
471 574 490 594 a
513 561 679 594 Chalcone
702 563 850 604 profecta
872 574 946 594 esse
976 564 1159 604 diceretur,
1184 566 1230 596 ita
1250 572 1286 597 ut
1307 566 1382 598 fons
1406 568 1551 598 statim
1582 577 1633 597 ex
1665 565 1789 605 pedis

131 620 174 650 ic
188 626 232 650 tu
255 619 461 660 prosiluerit.
505 618 552 650 At
571 619 736 660 quomodo
757 619 830 657 quis
851 629 938 659 genu
959 619 1031 657 rupi
1053 618 1179 650 obnixo
1203 626 1301 662 atque
1322 620 1421 651 simul
1445 632 1486 651 ex
1512 621 1607 662 pedis
1630 621 1699 651 ictu
1716 619 1790 650 fon-

132 679 198 703 tem
227 673 395 710 aperuisse
426 671 596 712 perhiberi
617 672 743 710 possit,
776 681 839 711 ego
868 677 955 701 certe
984 681 1049 701 non
1071 682 1251 713 assequor,
1281 674 1348 703 nisi
1376 674 1462 703 forte
1484 672 1607 703 Chalco
1631 671 1788 703 ambobus

130 725 269 766 pedibus
289 736 369 757 usus
388 736 463 756 esse
479 727 660 764 putaretur,
683 724 778 765 cujus
800 725 985 763 sententiae,
1004 725 1073 765 jam
1085 725 1118 755 in
1136 724 1276 757 scholiis
1293 733 1559 765 commemoratae,
1582 726 1665 765 apud
1679 726 1789 767 ipsum

129 790 262 825 poetam
284 793 324 813 ne
350 782 459 813 ullum
486 783 617 821 quidem
641 787 735 812 extat
757 782 949 822 vestigium.
993 781 1072 813 Haec
1094 784 1203 813 onmia
1224 793 1276 813 me
1297 790 1442 822 movent,
1473 790 1509 814 ut
1530 783 1631 814 verba
1652 784 1682 814 ἐκ
1702 783 1790 818 ποδὸς

129 836 377 877 interpretanda
397 847 475 867 esse
496 845 647 867 censeam
669 834 714 865 de
747 834 856 875 pede
889 835 1033 875 rupis,
1055 845 1116 874 quo
1140 836 1225 867 facte
1247 838 1345 867 etiam
1368 836 1531 878 particula
1551 849 1581 877 γε
1603 836 1689 867 inter
1709 833 1740 868 εὖ
1755 838 1789 867 et

129 890 333 932 ἔνερεισάμενος
355 890 482 920 inserta
503 898 566 918 non
590 887 782 928 languidam
806 886 886 918 facit
908 888 1098 919 orationem.
1124 888 1205 920 Eam
1225 888 1483 931 explicationem
1501 889 1640 931 probare
1656 889 1788 921 videtur

130 944 350 981 Scholiastes,
374 943 429 981 qui
454 942 488 971 in
511 940 622 971 insula
653 939 699 970 Co
723 943 864 970 statuam
892 940 999 971 fuisse
1030 949 1161 981 narrat,
1185 953 1235 974 ex
1268 944 1391 983 eujus
1425 944 1532 984 pede
1562 943 1635 974 fons
1658 943 1788 984 quidam

128 998 323 1038 proruperit.
337 996 381 1035 Ρ)
403 1013 445 1017 —-
466 994 519 1024 Ad
543 1004 582 1024 ea
601 1003 672 1034 quae
696 994 893 1034 interpretes
915 994 953 1024 de
976 995 1048 1033 ipsa
1069 1005 1105 1026 re
1126 995 1319 1034 attulerunt,
1341 997 1465 1027 accedi-t
1480 995 1593 1027 Schol.
1617 996 1698 1037 Lyn,
1717 996 1788 1035 835,

129 1051 216 1091 quod
239 1050 365 1082 confert
387 1046 534 1079 Lobeck.
558 1046 720 1085 Paralipp.
740 1056 770 1085 p.
793 1047 865 1079 467.
890 1045 968 1078 Not.
994 1048 1044 1081 16,

213 1149 257 1180 V.
283 1150 333 1180 16.
359 1146 502 1186 Lycidas
523 1144 682 1175 habebat:

282 1201 385 1234 κνακὸν
407 1201 478 1241 δέρμ’
503 1198 601 1240 ὤμοισι
620 1199 687 1235 νέας
708 1198 838 1239 ταμίσοιο
857 1200 1005 1237 ποτὸσδων,

128 1267 290 1310 pellem
321 1265 588 1297 redolentem
616 1275 768 1297 recens
797 1265 1042 1306 coagulum,
1074 1275 1140 1296 non
1167 1277 1236 1308 quo
1266 1265 1401 1298 subacta
1429 1273 1461 1298 et
1484 1272 1637 1308 apparata
1666 1266 1788 1299 fuisset

129 1321 269 1363 coagulo
300 1321 374 1361 ipsa
396 1319 517 1360 pellis,
550 1328 620 1360 quae
648 1325 699 1349 est
724 1318 929 1360 Kiesslingii
950 1319 1116 1351 adnotatio
1140 1331 1159 1350 a
1178 1319 1437 1351 XVuestemanno
1461 1320 1609 1361 probata,
1631 1321 1689 1351 sed
1712 1323 1788 1359 quia

129 1374 294 1412 caprarius
325 1382 439 1403 caseos
464 1369 604 1412 coagulo
636 1371 784 1400 immisso
813 1370 993 1409 premebat.
1018 1371 1063 1402 cf.
1096 1369 1161 1410 XI,
1190 1373 1242 1404 66.
1272 1372 1382 1408 ἐθέλυις
1402 1372 1452 1404 σύν
1472 1370 1678 1414 ἐμὶν-τυρὸν
1698 1375 1789 1413 πᾶξαι

128 1429 248 1468 τάμισον
269 1430 392 1467 δριμεῖαν
413 1425 510 1458 ἐνεῖσα,
541 1423 590 1455 Ita
612 1423 697 1456 hunc
720 1423 827 1454 locum
848 1425 1024 1455 verissime
1045 1424 1233 1466 explicavit
1253 1425 1419 1457 Greverus
1442 1425 1514 1467 (Kl.
1532 1425 1632 1457 Beitr.
1655 1438 1689 1468 p.
1709 1428 1786 1469 62).

129 1481 244 1521 Neque
266 1486 373 1509 tamen
395 1489 478 1519 opus
503 1484 574 1517 est,
599 1484 634 1508 ut
653 1484 829 1518 propterea
850 1478 1029 1518 recipiatur
1048 1478 1202 1510 ποτόσδων.
1244 1477 1327 1510 Nam
1349 1486 1515 1518 poetarum
1539 1489 1627 1511 moro
1648 1480 1682 1511 id
1703 1481 1788 1520 quod

130 1538 238 1578 ipsius
258 1534 395 1572 caprarii
420 1538 470 1563 est
493 1532 691 1565 transfertur
716 1531 757 1561 ad
779 1531 852 1571 ejus
871 1531 1015 1572 pellem,
1038 1533 1105 1563 nisi
1125 1533 1199 1571 quis
1225 1532 1319 1563 malit
1337 1539 1482 1564 statuere
1504 1543 1576 1563 cum
1586 1533 1790 1575 Scholiasta,

355 1618 437 1628 ——e-

164 1665 193 1698 *)
229 1663 365 1696 Gymnas.
385 1662 474 1687 nostri
490 1661 656 1692 Directmi,
674 1660 726 1685 Dr.
746 1660 873 1692 Haunio,
893 1661 954 1686 viro
977 1661 1046 1687 mihi
1062 1661 1262 1694 dilectissimo,
1286 1662 1347 1688 haec
1365 1662 1473 1695 legenti
1491 1661 1631 1695 (delectat
1649 1662 1722 1689 enim
1738 1669 1790 1690 nos

229 1705 260 1730 in
273 1704 434 1729 litterarum
449 1703 549 1728 studiis
567 1702 704 1728 sermonis
723 1709 755 1726 ac
769 1702 881 1727 consilii
894 1704 1122 1734 communicatio)
1132 1703 1223 1729 aliain
1234 1706 1354 1729 mentem
1368 1704 1444 1729 venit
1457 1711 1514 1728 rem
1527 1703 1692 1730 enucleandi
1705 1704 1791 1730 ratio.

229 1746 356 1772 Primum
376 1746 451 1771 enim
469 1744 612 1776 sagaciter
630 1743 738 1767 monuit
762 1746 790 1769 et
808 1743 859 1769 hoc
886 1743 1034 1770 offensioni
1053 1753 1122 1776 esse,
1150 1745 1222 1778 quod
1240 1753 1297 1770 una
1313 1752 1380 1777 pars
1397 1745 1523 1777 corporis
1543 1735 1639 1778 [γόνυ]
1666 1745 1790 1778 proprie,

231 1787 324 1812 altera
342 1789 437 1810 autem
461 1775 506 1817 [ἐκ
528 1776 629 1816 ποδὸςΙ
650 1784 840 1816 metaphorice
858 1785 935 1809 dicta
952 1788 1040 1816 esset,
1068 1790 1095 1811 et
1113 1786 1198 1811 verba
1214 1778 1243 1808 ἐκ
1264 1778 1352 1811 ποδὸς
1369 1785 1440 1810 nude
1459 1786 1551 1817 posita
1570 1785 1677 1818 aliquid
1694 1786 1789 1810 incon·

229 1828 306 1854 cinni
318 1826 431 1853 habere,
451 1826 523 1850 Tum
544 1833 589 1850 me
603 1824 730 1858 cogitare
745 1826 839 1859 jussit,
862 1825 1029 1853 Chalcouem
1044 1827 1146 1853 vidisse
1164 1834 1264 1861 aquam
1282 1826 1332 1852 sub
1347 1834 1415 1859 rupe
1433 1826 1553 1860 undique
1566 1825 1686 1860 singulis
1700 1825 1790 1860 guttis

232 1877 264 1894 ac
282 1869 382 1894 rivulis
408 1870 621 1902 prorepentem‚
648 1867 765 1900 ideoque
782 1867 902 1893 voluisse
919 1867 1005 1900 fonti‚
1027 1877 1107 1902 quem
1125 1869 1242 1895 retineri
1262 1868 1379 1893 moleste
1397 1867 1499 1899 fen-et,
1524 1867 1696 1893 scaturiendi
1715 1867 1790 1892 viam

232 1911 351 1942 aperire.
371 1910 413 1934 lta
432 1909 522 1934 videri
538 1908 593 1933 sibi
610 1908 700 1932 virum
718 1909 937 1933 robustissimum
956 1910 1052 1934 statim
1070 1910 1140 1944 pede
1158 1909 1273 1934 fortiter
1290 1909 1464 1934 insistentem
1482 1916 1555 1941 genu
1573 1908 1637 1940 rupi
1655 1908 1785 1940 apposito

230 1950 366 1983 repulisse
385 1958 417 1975 ac
436 1950 528 1983 potius
541 1949 697 1982 paullulum
711 1949 855 1975 sustulisse
869 1950 1060 1975 tantummodo
1074 1957 1181 1983 rupem,
1199 1950 1241 1974 ita
1253 1952 1284 1974 ut
1296 1948 1358 1973 fons
1373 1949 1435 1974 inde
1448 1949 1482 1974 ab
1494 1956 1528 1975 eo
1544 1948 1615 1979 loco,
1630 1955 1683 1981 quo
1692 1947 1790 1981 pedem

232 1992 399 2018 constiterat
418 1992 437 2018 i.
452 2000 476 2018 c.
491 1992 532 2018 de
551 1990 638 2025 pede
658 1990 775 2024 ipsius
799 1989 870 2020 (ron
892 1987 1004 2015 set'nem
1026 1983 1129 2015 Fris-ve
1148 1986 1232 2024 weg)
1252 1994 1454 2025 prorumperet.
1475 1989 1668 2016 Postremosie
1681 1989 1792 2016 demum

234 2026 327 2057 ἀνύων
345 2035 452 2059 censuit
472 2037 548 2060 recte
566 2033 672 2064 adesse,
699 2034 800 2067 quippe
819 2041 872 2065 qua
890 2041 958 2060 voce
978 2033 1101 2065 Chalco,
1127 2041 1188 2058 eum
1207 2033 1312 2058 fontem
1331 2033 1495 2066 impeditum
1512 2031 1709 2065 expedi'visset‚
1727 2040 1792 2058 vere

230 2075 384 2107 perfecisse
402 2075 511 2099 dicatur
541 2066 672 2102 (umchle
703 2076 753 2095 me
780 2067 872 2095 svium
908 2068 1077 2097 clusee'eude
1101 2067 1223 2105 fertig,
1271 2065 1396 2095 brut-lale
1428 2070 1474 2095 sie
1503 2074 1567 2094 zum
1598 2065 1789 2104 Sprt'tcgete).

231 2115 337 2141 Fateor
349 2108 420 2140 hanc
435 2115 661 2148 explanationem
676 2114 745 2141 mihi
760 2123 830 2140 nunc
843 2116 935 2149 magis
950 2116 1073 2150 placere.
1094 2114 1170 2141 idem
1192 2114 1282 2141 videri
1295 2117 1387 2148 potest
1400 2115 1614 2148 repraesentasse
1626 2112 1678 2139 illa
1689 2115 1791 2139 statua.
