1872 2345
782 60 845 81 ‘-—
896 48 920 89 ⁹
970 66 1022 79 u·-

154 143 208 175 De
232 142 295 172 hoe
316 142 410 182 loco,
441 143 497 185 qui
517 142 567 172 sic
586 139 780 171 scribendus
803 140 886 178 fuit,
910 139 1008 180 plura
1030 145 1107 170 sunt
1131 139 1348 172 observanda.
1393 141 1540 172 Primum
1561 144 1595 173 in
1619 143 1733 175 verbis

70 198 124 233 τὸν
144 199 173 232 ἓν
189 198 496 241 Ἅιδᾳ-ἀδάμαντα
518 196 726 237 explicandis
749 197 784 228 in
807 197 1040 228 diversissima
1062 195 1184 227 abeunt
1203 198 1411 238 interpretes,
1436 208 1479 229 ex
1495 196 1614 241 quibus
1633 199 1735 239 pleri-

74 246 137 294 que
161 255 314 295 ἀδάμαντα
341 254 464 286 habent
485 265 545 295 pro
574 253 793 299 substantivo.
839 253 903 284 Sed
936 253 1205 294 quemadmodum
1227 254 1366 293 ubique,
1404 257 1451 286 ita
1473 255 1527 286 hic
1549 266 1677 297 quoque
1700 258 1734 287 id

72 315 188 344 verimi
217 313 396 354 putandum
427 317 496 350 est,
531 310 616 350 quod
639 312 691 342 est
716 310 859 341 maxime
884 309 1039 349 simplex.
1084 308 1181 340 Haud
1204 308 1303 341 dubie
1325 315 1420 352 poeta
1442 323 1499 351 per
1524 311 1575 344 τὸν
1595 312 1625 344 ἐν
1641 311 1736 355 'Auis‘

73 371 136 402 den
164 373 205 400 im
228 369 342 399 Hades
362 368 525 409 intelligit
544 367 791 406 Plutonem,
823 378 918 406 quem
935 368 1081 397 nominat
1111 367 1279 405 ἀδάμαντα,
1303 377 1376 397 eum
1398 370 1454 408 qui
1476 369 1599 400 domari
1621 371 1735 408 nequit

72 427 97 458 i.
130 437 160 457 e.
190 426 316 456 ratione
347 423 459 455 habita
488 423 586 464 hujus
625 423 711 455 loci:
743 425 892 466 quamvis
923 433 943 454 a
964 422 1058 452 nullo
1080 421 1148 452 alio
1175 423 1300 453 domari
1323 424 1442 464 possit.
1484 423 1535 455 Ita
1553 426 1622 465 jam
1647 426 1732 465 apud

73 484 253 515 Homerum
276 480 388 521 (lliad.
413 480 477 519 IX,
496 480 579 520 158.)
597 480 721 520 legitur
745 482 850 520 Ἀΐδης
869 493 913 511 τοι
933 480 1074 519 ἀμείλιχος
1094 479 1136 518 ἡδ’
1139 479 1311 518 ἀδάμαστος.
1334 479 1434 510 Recte
1455 487 1602 512 nostrum
1624 482 1733 514 locum

74 538 290 571 intellexisse
312 537 443 568 videtur
464 546 547 567 unns
569 546 586 567 e
610 534 828 567 Scholiastis:
857 535 940 578 ἤγουν
966 535 1016 568 τὸν
1044 535 1212 572 Πλούτωνα,
1240 534 1319 568 καθὸ
1347 536 1466 578 σκληρὸς
1492 536 1540 568 καὶ
1561 538 1734 578 ἀδάμαστος.

73 596 205 628 Deinde
226 597 312 625 inter
340 594 440 624 verba
465 594 591 634 κινήσαις
612 593 772 633 ἀδάμαντα,
795 592 853 624 ubi
879 593 982 634 vulgo
1003 596 1042 634 ῥα
1066 594 1298 633 interponitur,
1321 607 1352 626 κε
1371 594 1565 633 particulam
1585 596 1734 627 inseren-

75 652 147 683 dam
167 662 259 690 esse,
281 652 403 689 primus
425 650 510 680 vidit
530 649 556 680 1.
580 649 623 679 Η.
645 648 790 680 Vossius
813 649 1064 691 (Anmerknngen
1086 650 1151 680 und
1170 650 1395 690 Randgloeeen
1415 661 1446 691 p.
1473 651 1569 691 165.).
1594 651 1733 690 sequuti

76 716 153 742 sunt
172 708 386 740 Alilwnrdtus
427 708 460 736 in
482 707 531 737 ed.
555 705 684 744 Dahlii,
706 705 749 736 H.
775 705 919 737 Vossius
947 708 994 747 (in
1017 705 1114 737 Notis
1136 707 1170 736 in
1180 706 1320 738 Theocr.
1341 718 1373 748 p.
1396 707 1461 748 12),
1485 706 1731 750 Kiesslingius‚

75 766 272 808 Briggsius,
295 764 502 794 Hermannus
526 764 573 803 (in
594 762 847 793 Zimmermanni
871 762 988 794 Diurn.
1011 762 1122 804 Antiq.
1154 764 1242 794 stud.
1266 764 1356 795 1837.
1385 773 1416 801 p.
1444 764 1541 804 227.).
1577 763 1731 796 Summus

76 822 268 855 Meinekius
288 820 544 860 recepitumffffaag
554 806 707 859 ἀδάμαντα
729 826 825 858 atque
845 819 1050 851 observavit:
1076 819 1189 858 „Hoc
1209 819 1414 859 praebuit
1436 821 1619 859 optimus
1643 823 1730 853 cod.

75 879 119 912 K.
143 878 260 922 [etiam
281 875 358 919 X.].
384 876 528 917 Vulgo
560 876 865 917 interponitur
885 880 936 919 ῥα.
960 875 1171 915 optativo
1196 877 1295 907 sine
1319 875 1362 908 ἂν
1384 887 1487 907 usus
1510 884 1575 908 est
1599 878 1730 910 Theo-

76 939 216 969 critus
247 935 306 966 Ill.
329 937 380 967 54.
409 933 505 964 VlII.
527 935 578 966 20.
600 935 652 966 89.
673 933 736 964 XI.
759 936 809 966 ⁵74.
839 934 974 965 XXIX.
1001 935 1053 967 38.
1082 934 1279 965 fortasse
1313 935 1442 965 etiam
1471 933 1532 967 lv.
1558 937 1608 969 11.
1637 939 1731 969 nisi

76 993 139 1025 ibi
158 1003 231 1032 pro
247 1005 290 1023 τοι
310 990 575 1022 scribendum
594 997 702 1026 uei-,ut
719 990 851 1021 habet
872 991 960 1021 cod.
979 990 1048 1021 K.“
1067 990 1106 1029 ὀθ)
1128 990 1173 1020 At
1183 990 1373 1022 reeteabest
1383 991 1544 1029 particula
1554 991 1730 1025 draiietore

74 1050 261 1082 Hermanno
285 1049 337 1090 (de
364 1051 446 1089 part.
478 1045 514 1078 ἂν
536 1046 595 1078 lib.
626 1045 682 1077 ΙΙΙ.
708 1057 735 1077 c.
755 1048 786 1079 5.
810 1046 933 1089 Opusc.
957 1047 1018 1085 IV,
1042 1057 1073 1086 p.
1098 1048 1284 1088 154—164.)
1308 1049 1342 1078 in
1365 1048 1408 1079 iis
1432 1047 1528 1087 locis,
1552 1050 1584 1079 in
1608 1050 1728 1089 quibus

74 1106 130 1138 vel
159 1106 313 1136 voluntas
347 1104 402 1135 vel
440 1105 552 1144 opinio
587 1114 660 1135 eum
696 1103 877 1135 voluntatis
909 1105 1044 1143 quadam
1074 1103 1317 1144 significatione
1349 1106 1520 1145 conjuncta
1553 1107 1727 1139 indicatur.

73 1164 186 1203 ltaque
209 1163 249 1193 de
270 1161 413 1204 singulis
434 1160 517 1191 locis
539 1171 558 1191 a
576 1161 649 1191 viro
669 1161 940 1202 ingeniosissimo
960 1161 1074 1204 allatis
1096 1161 1145 1190 sic
1165 1163 1284 1191 statuo.
1309 1160 1449 1191 Theocr.
1467 1160 1524 1200 111,
1544 1163 1596 1195 54.
1617 1163 1656 1200 ὡς
1666 1164 1726 1204 ΰῢ)

71 1223 132 1263 μέλι
152 1234 195 1253 τοι
215 1219 298 1261 γλυκὺ
318 1222 402 1250 τοῦτο
423 1217 498 1249 κατὰ
518 1218 656 1259 βρόχθοιο
676 1219 779 1258 γένοιτο
800 1222 863 1248 non
887 1219 973 1259 sign.
997 1218 1030 1248 id
1053 1218 1137 1259 quod
1161 1218 1194 1247 in
1217 1217 1320 1248 latina
1342 1220 1609 1256 interpretatione
1637 1222 1726 1262 apud

71 1278 317 1319 Kiesslingium
340 1275 463 1318 legitur
486 1274 619 1315 „dulcis
640 1275 752 1306 mellis
774 1277 879 1306 instar
900 1274 961 1306 hoc
984 1273 1045 1305 tibi
1066 1284 1123 1312 per
1143 1278 1256 1316 guttur
1283 1275 1543 1306 descendet“
1565 1276 1613 1317 (id
1637 1279 1725 1309 enim

71 1348 177 1380 graece
195 1335 369 1366 dicendum
386 1339 476 1364 esset
494 1333 587 1374 γένοιτ’
611 1331 667 1374 ἂν),
688 1334 761 1364 sed
784 1334 941 1364 descen
953 1333 971 1362 d
983 1342 1054 1362 ere
1075 1333 1242 1371 opin0r;
1269 1343 1459 1374 quamquam
1477 1332 1563 1364 haud
1585 1334 1724 1367 multum

71 1394 199 1432 absum,
222 1392 298 1431 quin
322 1391 493 1431 conjiciam
513 1400 570 1428 pro
592 1403 636 1421 τοι
655 1390 862 1422 scribendum
884 1400 960 1421 esse
978 1402 1030 1421 κεν.
1055 1388 1157 1419 Porro
1170 1388 1260 1428 VIlI,
1284 1391 1334 1422 20.
1357 1390 1465 1421 ταύταν
1486 1391 1630 1431 natm-cip.
1652 1393 1675 1422 i.
1694 1404 1723 1424 e.

70 1452 152 1483 hanc
172 1449 272 1480 velim
297 1449 460 1488 deponere
481 1448 568 1478 diesve
589 1447 706 1478 mih-lale
726 1447 776 1478 ιὀΙι
796 1448 900 1479 dartm
918 1452 1021 1478 setzeu
1041 1445 1262 1487 (Hei-mannus
1286 1445 1346 1477 1.1.
1363 1457 1395 1487 p.
1410 1448 1487 1478 162:
1512 1446 1594 1478 hane
1606 1450 1724 1491 oppig-

68 1507 216 1547 nereni.).
261 1503 423 1535 Similiter
446 1502 541 1541 Vlll,
563 1505 614 1536 89.
634 1503 724 1540 οὕτως
744 1503 789 1536 ἐπὶ
807 1505 908 1545 ματέρι
928 1502 1024 1544 νεβρὸς
1045 1501 1147 1533 ἅλοιτο.
1171 1503 1329 1543 (dativum
1352 1514 1404 1533 ex·
1424 1503 1518 1534 codd.
1551 1503 1593 1534 Κ.
1620 1504 1722 1547 Van).

67 1566 106 1597 In
128 1564 200 1604 xl,
220 1565 271 1596 74.
295 1572 366 1592 mea
383 1561 512 1600 quidem
535 1562 698 1591 sententia
721 1568 808 1592 recte
828 1572 864 1592 se
886 1560 985 1591 habet
1006 1560 1169 1600 scriptura
1190 1558 1326 1600 vulgata
1346 1559 1423 1600 τάχα
1444 1572 1503 1591 κεν
1522 1560 1595 1592 πολὺ
1614 1565 1722 1601 μᾶλλον

65 1625 138 1665 ἔχοις
158 1625 230 1654 νοῦν.
251 1620 381 1651 Deinde
399 1616 535 1655 xxlX,
557 1618 608 1663 338.
627 1618 711 1659 βαίην
732 1621 800 1649 est:
822 1617 952 1648 velim
973 1616 1084 1647 illue
1107 1617 1170 1647 ire
1193 1618 1381 1657 (interprete
1391 1616 1578 1648 Hermanno
1591 1619 1626 1648 iu
1642 1618 1720 1661 vig.

64 1693 95 1721 p.
123 1682 195 1713 924.
220 1678 270 1710 ed.
299 1676 358 1707 IV.
392 1675 668 1707 Wuestemannus
696 1676 804 1706 minus
826 1680 975 1706 accurate
1006 1672 1172 1714 explicat:
1197 1676 1343 1713 „possim
1366 1675 1478 1714 ire.“).
1522 1673 1559 1704 ln
1585 1673 1644 1714 IV,
1669 1677 1720 1709 11.

64 1739 204 1776 denique
221 1745 284 1766 non
301 1732 428 1771 dubito,
452 1734 527 1772 quin
538 1743 595 1771 pro
610 1745 654 1764 τοι
673 1743 716 1763 ex
739 1732 811 1763 eod.
829 1732 873 1763 K.
890 1731 1110 1770 recipiendum
1127 1732 1172 1762 sit
1192 1744 1245 1769 κεν,
1269 1731 1354 1773 quod
1372 1730 1549 1772 Briggsius
1566 1732 1721 1765 audacter

62 1796 182 1827 mutari
213 1791 287 1823 vult
317 1794 350 1822 in
383 1790 445 1823 τ’ἂν
474 1791 546 1832 (pro
568 1803 611 1822 τοι
637 1788 701 1831 ἂν).
728 1789 794 1821 Sed
817 1789 858 1820 ad
881 1788 966 1820 hunc
988 1788 1097 1820 locum
1119 1789 1207 1820 infra
1227 1788 1351 1821 redibo.
1373 1806 1415 1812 -
1437 1787 1550 1819 Verba
1573 1799 1643 1829 quae
1667 1801 1719 1822 se-

92 1928 117 1959 )
137 1927 199 1953 Non
217 1934 330 1961 prorsus
348 1927 489 1962 intelligo,
508 1936 558 1955 eur
574 1935 628 1953 non
647 1926 950 1954 addideritMeinekius
964 1927 1023 1953 alia
1037 1926 1175 1961 exempla,
1194 1926 1282 1954 veluti
1297 1925 1370 1958 vm,
1388 1926 1433 1954 91.
1446 1925 1534 1959 xxu,
1548 1925 1591 1955 74.
1601 1925 1681 1953 XXX
1682 1925 1716 1957 ΙΙ,

143 1971 187 1997 59.
209 1970 256 2003 qui
274 1970 385 2000 quidem
403 1970 461 1996 loci
478 1972 530 2002 iis,
554 1977 622 2004 quos
640 1969 754 2000 attulit,
777 1968 917 1995 simillimi
934 1972 1008 1996 sunt.
1029 1969 1067 1996 cf.
1085 1973 1224 2004 praeterea
1239 1968 1348 1997 Mosch.
1367 1966 1414 2000 111,
1433 1969 1495 1997 108.
1511 1963 1553 2000 τῷ
1579 1959 1656 2001 δ’ἕῖὠ
1683 1973 1717 1991 ⁰¹}

139 1978 295 2042 ᾳϋοιᾳέυιμι.
323 2003 362 2041 V,
387 2005 434 2034 1⁶2.
457 2003 505 2034 καὶ
525 2006 621 2044 παμῖς
642 2004 766 2043 ᾳιλέοιμι.

88 2082 131 2117 ⁴)
164 2083 261 2111 Herm.
281 2085 310 2110 in
330 2084 397 2118 Vig.
416 2092 443 2118 p.
462 2084 522 2111 560.
540 2083 612 2111 huuc
633 2084 727 2111 locum
744 2084 889 2112 contendit
915 2091 979 2111 cum
998 2081 1338 2119 Sophocl.1·}lectr.126.
1364 2084 1413 2119 qui
1437 2083 1495 2110 loci
1518 2090 1581 2111 men
1603 2082 1714 2118 quidem

170 2126 309 2152 sententia
327 2126 478 2152 dissimiles
492 2129 566 2152 nunt.
1359 2163 1386 2198 2
