1872 2345
795 47 1047 92 ...4⁷34

96 140 234 183 ἄμοτος
253 142 292 181 ³⁸)
326 140 439 183 κεράιζε.
460 143 532 175 203.
561 140 589 174 οἳ
617 141 684 174 ἕθεν
712 140 911 183 ἀγχίμολοι
939 147 1024 174 ναῖον.
1045 143 1116 176 223.
1145 142 1161 175 ὃ
1181 141 1231 184 μὲν
1251 141 1378 184 σῆραγγα
1404 144 1619 185 προδειέλος
1646 145 1750 187 ἔστιχεν

93 196 133 231 εἰς
160 194 200 235 ἦν.
227 196 299 227 25².
320 193 363 231 λὶς
389 195 466 231 αἰνὸς
495 195 667 236 ἀπόπροθεν
689 194 833 236 ἀθρόος
853 192 930 227 ἆλτο.
971 194 1121 234 XXVII,
1144 197 1194 228 36.
1217 195 1255 227 τὰ
1275 194 1304 227 δὲ
1323 195 1404 227 πώεα
1425 195 1520 228 καλὰ
1541 198 1646 237 νομεύω
1669 199 1750 239 (nisi

96 248 169 287 quis
191 246 285 279 malit
308 249 454 288 accipere
475 259 535 289 pro
557 246 750 289 adverbia).
785 246 866 285 Quae
889 248 1044 291 exempla
1066 249 1122 288 qui
1145 250 1328 281 accuratius
1351 250 1625 290 consideraverit,
1649 257 1744 291 atque

96 311 218 343 genera
240 304 436 341 carminum,
467 303 500 333 in
525 301 644 344 quibus
668 302 801 344 singula
823 302 997 345 leguntur,
1030 302 1130 342 probe
1153 303 1365 341 distinxerit,
1395 305 1454 334 vix
1478 303 1642 335 dubitabit
1665 306 1744 345 quin

92 357 128 387 in
150 355 234 395 loco,
265 357 350 387 unde
372 357 519 397 digressi
541 367 666 397 sumus,
697 358 898 397 praeferenda
918 369 992 389 esse
1014 358 1171 389 videatur'
1186 357 1372 397 conjectura
1389 359 1614 400 μεσαμε’ρως.-
1633 357 1749 389 Verba

91 409 183 449 πόδας
202 410 287 445 ἕλκεις
310 409 410 451 [unde
441 413 513 440 orta
533 411 577 441 sit
600 422 709 453 quaeso
727 413 897 452 scripturae
919 412 1138 450 discrepantia
1168 412 1248 451 ἕλκῃς
1278 412 1313 441 in
1343 412 1453 442 codice
1482 412 1524 443 Κ.
1536 412 1567 454 ²}
1593 412 1744 453 explicat

92 460 277 493 Wuestem.
302 461 446 501 „lento
478 475 632 505 gressu
665 465 849 503 incedis,
872 468 938 495 tam
960 464 1002 495 ob
1022 465 1105 496 solis
1125 465 1285 502 ardorem,
1311 473 1406 502 quam
1422 465 1506 503 quod
1522 466 1745 497 festinationis

92 526 243 546 caussam
269 525 333 546 non
357 515 490 547 habet.“
535 516 608 548 Non
639 524 726 548 recte
751 523 787 548 ut
816 518 940 556 opinor.
984 517 1212 549 Adversantur
1235 518 1322 548 enim
1353 516 1429 548 huic
1456 516 1673 558 explicationi
1695 518 1745 549 lo-

89 571 276 612 quuitiones
297 581 367 612 quae
388 573 537 610 proxime
560 576 734 612 sequntur:
766 572 1146 614 ἐπεὴνεαι--ἒπιθρώσκειῃ
1169 571 1359 608 αἷς-ἀείδει.
1379 571 1463 603 Nam
1489 572 1649 613 quomodo
1672 573 1744 611 quis

91 622 212 654 lento
235 634 392 665 gressu
418 627 580 664 incedere,
608 630 704 668 atque
726 626 824 657 simul
846 637 1079 667 properare
1104 633 1136 658 et
1158 628 1206 657 ad
1237 627 1501 657 vindemiam
1532 625 1745 667 prosilire

91 679 157 709 dici
178 680 296 719 possit,
329 679 467 710 difficile
492 687 541 711 est
564 680 748 711 intellectu.
792 680 907 722 Neque
934 692 1011 712 vero
1034 681 1068 712 id
1088 680 1169 712 latet
1190 682 1223 712 in
1245 680 1357 712 verbis
1381 687 1495 720 poetae.
1541 679 1626 712 Nam
1647 683 1691 721 πᾷ
1711 677 1746 712 τὺ

89 733 180 769 πόδας
195 733 279 768 ἕλκεις
294 733 388 772 plane
407 734 724 765 reseruntnostrum:
745 745 791 764 wo
803 734 960 775 schleppst
968 736 1008 765 du
1015 736 1105 765 deine
1114 733 1148 765 F
1148 739 1218 765 iisse
1225 735 1285 765 hin.
1309 736 1332 765 i.
1346 745 1444 774 e.qno
1461 735 1570 766 tendis
1582 734 1643 765 hoc
1659 740 1744 765 aestu

89 784 156 818 diei
187 798 273 818 cum
301 788 483 818 maxima
505 788 665 818 virium
689 788 981 818 contentione.
1025 788 1262 818 Festinationis
1286 793 1394 818 autem
1416 798 1566 819 caussam
1587 787 1743 819 Simichi-

88 839 161 870 dam
180 850 243 870 non
264 839 432 876 habuisse,
453 840 565 869 nescio
584 839 670 869 unde
691 838 874 869 W'uestem.
898 838 1083 880 collegerit.
1108 839 1200 869 Hanc
1216 839 1461 869 festinationem
1478 841 1589 880 potius
1605 840 1742 878 prodere

85 893 237 924 videntur
266 903 336 934 quae
365 893 517 934 proxime
542 897 740 933 sequuntur:
777 890 794 932 ἢ
814 891 886 932 μετὰ
907 894 991 923 δαῖτα
1012 891 1145 932 κλητὸς
1165 891 1329 932 ἐπείγεαι
1350 890 1482 922 collatis
1515 893 1571 931 iis,
1595 902 1666 935 quae
1698 893 1740 924 de

82 956 172 977 more
203 952 326 983 tempus
359 946 507 974 convivis
540 950 662 974 certum
693 944 920 981 praestituendi
954 943 1088 974 uberius
1121 945 1331 984 disputarunt
1362 943 1393 974 J.
1424 944 1593 976 Meursius
1619 945 1741 984 Specil,

84 1011 114 1040 p.
136 1002 187 1032 41.
212 1010 279 1040 sqq.
302 1005 397 1037 atque
419 998 574 1028 Erasmus
596 996 700 1037 Adag.
723 995 811 1026 Chil.
836 995 897 1034 IV,
920 998 950 1028 6.
972 997 1023 1028 23.
1046 998 1205 1037 p.958.—
1228 995 1309 1032 Quae
1328 996 1444 1027 deinde
1465 996 1622 1039 leguntur
1639 998 1741 1030 verba

86 1055 115 1085 ἐν
137 1055 294 1093 αῑμιισιαῖσι
324 1063 381 1091 pro
404 1051 530 1093 vulgat.
554 1052 596 1092 ἐφ’
620 1051 677 1090 αῐμ.
709 1051 742 1080 in
765 1051 899 1090 optimis
924 1056 1039 1079 extant
1063 1048 1243 1087 codicibus,
1269 1056 1366 1090 atque
1389 1056 1477 1080 recte
1501 1050 1640 1091 probata
1663 1059 1739 1083 sunt

85 1119 105 1138 a
125 1106 304 1144 Brunckio‚
330 1105 549 1135 Bindcmanno
572 1106 614 1145 (p.
636 1104 735 1143 360.)‚
768 1102 970 1140 Gaisfordio,
996 1101 1180 1139 Meinekio,
1204 1100 1420 1133 Boissonado.
1464 1102 1555 1133 Male
1576 1110 1737 1142 comparat

85 1161 261 1192 etiamnum
290 1157 456 1189 Grex-erus
485 1157 557 1199 (Kl.
589 1157 689 1188 Beilr.
717 1167 749 1198 p.
773 1156 837 1196 63.)
871 1154 915 1187 ἐπὶ
948 1156 1045 1185 etiam
1068 1154 1100 1185 h.
1124 1154 1148 1185 l.
1179 1165 1220 1185 cm
1243 1161 1375 1186 vertens
1399 1154 1424 1194 1,
1449 1157 1520 1195 47„
1550 1156 1607 1187 ubi
1635 1157 1737 1188 alium

86 1227 161 1248 esse
181 1225 303 1246 nexum
322 1215 391 1254 jam
419 1214 543 1244 monuit
565 1212 844 1253 diligentissimus
867 1210 995 1241 Kiessl.
1038 1209 1203 1241 Videntur
1226 1211 1336 1251 potius
1360 1209 1490 1241 librarii
1513 1222 1555 1242 ex
1580 1211 1641 1242 illo
1663 1211 1735 1242 loco

83 1268 350 1310 praepositionem
380 1266 422 1307 ἐφ’
448 1267 481 1296 in
513 1265 597 1297 hunc
620 1265 727 1296 locum
751 1271 873 1295 temere
896 1264 1063 1296 intulisse.
1110 1264 1211 1295 Porro
1234 1264 1365 1305 αἵμασι-αἱ
1396 1275 1459 1294 non
1484 1273 1560 1296 sunt
1580 1274 1736 1297 caementa

83 1324 155 1354 sive
175 1322 336 1359 maceriae,
362 1330 431 1359 quae
454 1320 633 1359 explicatio
657 1325 708 1350 est
732 1318 891 1350 Brunckii
913 1325 945 1349 et
965 1318 995 1350 J.
1019 1320 1061 1350 Η.
1086 1319 1204 1350 Vossii
1224 1327 1256 1350 et
1272 1320 1395 1360 Heynii
1416 1322 1450 1350 in
1463 1320 1558 1361 virg.
1573 1319 1625 1350 El.
1641 1320 1685 1359 11,
1700 1324 1731 1353 9.

83 1383 115 1409 et
139 1378 194 1415 qui
217 1376 382 1415 Heynium
404 1374 554 1405 laudavit
575 1373 792 1411 Boissonadi,
817 1372 1041 1414 aliorumque,
1075 1374 1132 1404 scd
1156 1376 1286 1404 omnino
1317 1375 1494 1412 spineta.
1540 1372 1733 1413 Comparari

80 1428 178 1458 etiam
197 1431 306 1466 potest
328 1424 452 1455 Auctor
475 1423 573 1465 Copae
596 1435 626 1454 v.
657 1426 707 1455 ⁴28.
751 1422 870 1462 „Nunc
894 1425 991 1453 etiam
1011 1425 1043 1454 in
1068 1424 1290 1465 g3elida**)
1314 1425 1391 1454 sede
1416 1424 1538 1455 lacerta
1560 1425 1731 1456 latet.“-—

78 1479 247 1509 Postremo
271 1477 409 1516 ἦλαιίυντι.
433 1487 491 1516 pro
523 1477 629 1506 medio
653 1475 750 1515 hujns
774 1475 868 1506 verbi
892 1477 1050 1506 inusitato
1072 1479 1194 1515 primus
1218 1478 1364 1506 restituit
1385 1476 1574 1507 Koehlerus
1598 1477 1675 1508 Not.
1697 1486 1727 1509 et

80 1532 262 1564 Emendatt.
294 1532 325 1560 in
350 1530 490 1561 Theocr.
518 1541 548 1569 p.
569 1531 620 1562 30.
641 1547 683 1552 —
712 1528 838 1560 Fabula
870 1541 940 1571 quae
965 1531 1005 1561 de
1027 1530 1154 1561 alaudis
1178 1531 1324 1561 cristatis
1348 1531 1499 1569 traditur,
1523 1532 1666 1572 pertinet
1689 1532 1729 1563 ad

77 1583 303 1625 phantasmata
327 1581 488 1612 ludorum.

90 1654 93 1656 ’
121 1672 124 1673 ’
159 1655 203 1686 V.
226 1656 276 1686 25.
319 1654 404 1685 λανὸν
425 1654 609 1696 ἐπιθρώσκεις
640 1664 703 1684 non
735 1655 821 1695 sign.
846 1654 1015 1692 „torcular
1038 1654 1171 1685 calcas“
1194 1665 1298 1696 neque
1323 1656 1381 1693 „in
1406 1654 1549 1686 torcular
1571 1656 1725 1691 insilis“;

76 1713 157 1752 (tum
186 1710 271 1740 enim
300 1718 404 1750 graece
433 1710 617 1751 ponendum
647 1714 735 1739 esset
763 1714 819 1739 aut
838 1709 922 1741 λαγὸν
942 1714 1047 1746 πατεῖς,
1080 1715 1136 1739 aut
1167 1711 1244 1748 λαιῷ
1266 1710 1338 1740 sive
1359 1712 1447 1741 λανοῦ
1467 1709 1657 1750 ἐπιθρώσκεις.
1681 1710 1723 1741 cf.

110 1816 136 1846 ²⁸)
172 1806 278 1846 (ῗμοτος
295 1821 345 1846 pro
364 1814 475 1847 vulgari
495 1805 600 1845 ἄμοτον
617 1814 742 1846 praebcnt
764 1814 817 1838 duo
836 1813 956 1838 codicesx.
992 1814 1168 1846 Adjectiium
1186 1818 1291 1844 ‘wotos
1308 1813 1448 1838 immerito
1466 1812 1536 1837 dicit
1559 1813 1724 1840 inusitatum

173 1855 321 1881 Passosius
340 1856 367 1879 in
387 1855 494 1880 chico
513 1863 535 1880 s.
554 1862 581 1880 v.
601 1847 722 1887 anoton
744 1862 808 1880 nam
827 1854 932 1888 legitur
950 1853 1003 1879 hoc
1021 1855 1085 1880 loco
1103 1858 1130 1880 et
1149 1862 1216 1888 quos
1231 1854 1291 1887 jam
1308 1854 1457 1886 adscripsit
1473 1853 1633 1879 Meinekius
1651 1855 1724 1880 infra

173 1904 198 1921 v.
217 1895 546 1928 242.Mosch.u‚1o4.

107 1950 146 1980 **)
181 1949 224 1974 lta
243 1950 268 1974 J.
289 1949 383 1981 Sillig.
403 1950 432 1974 in
449 1951 493 1977 ed.
510 1950 544 1974 Ἦ
547 1950 644 1982 agneti
664 1950 697 1975 T.
716 1949 765 1980 lv,
789 1957 816 1982 p·
835 1950 895 1977 296
913 1949 1035 1982 ilgenius
1053 1957 1070 1972 x
1078 1948 1189 1973 iridis
1209 1947 1303 1980 [quam
1322 1947 1490 1979 scripturam
1509 1948 1637 1974 liberarii
1656 1947 1720 1973 hau-

172 1990 241 2015 sisse
260 1990 388 2014 uidentur
407 1998 440 2014 ex
458 1990 518 2015 Ecl.
540 1990 573 2019 11,
592 1989 631 2021 9.]
651 1990 805 2022 praefercns
827 1991 860 2016 de
872 1991 1006 2022 temporis
1019 1989 1225 2022 significatione
1242 1988 1338 2012 laudm
1343 1988 1365 2012 it
1379 1987 1451 2013 hunc
1459 1988 1602 2014 Theocriti
1618 1988 1720 2014 locum.

171 2030 242 2055 Num
257 2031 330 2055 forte
343 2038 358 2054 v
369 2030 398 2054 il
406 2030 455 2053 id
449 2038 457 2053 ι
478 2030 648 2062 probandum
663 2027 720 2056 est!
738 2031 835 2064 Aptius
851 2034 927 2057 (crte
943 2030 1105 2055 conveniret
1119 2029 1209 2055 verbis
1231 2022 1259 2051 έί
1280 2022 1446 2059 (thummim,
1458 2036 1622 2062 quamquam
1633 2029 1720 2055 etiam

172 2071 298 2102 gelida
316 2070 398 2096 habet
416 2077 470 2097 ouo
487 2070 665 2102 defendatur-3
685 2072 806 2099 refertur
820 2073 893 2099 enim
912 2072 947 2098 ad
964 2072 1028 2096 loca
1046 2071 1183 2102 umbrosa,
1203 2077 1262 2103 quae
1281 2069 1383 2096 lacerti
1401 2069 1493 2104 frigus
1510 2072 1635 2096 amantes
1652 2074 1719 2096 tem-

170 2118 236 2143 pore
255 2112 359 2138 caloris
376 2118 500 2144 quaerere
519 2116 698 2139 consuerunt.
