1872 2345
826 40 1081 79 -19-

123 133 259 166 metallo
277 132 459 172 fabricatis,
482 140 578 173 quam
600 130 643 163 ob
664 140 733 162 rem
754 132 852 162 etiam
874 129 936 162 hoc
957 130 1032 161 loeo
1054 129 1230 171 ampullam
1251 140 1295 162 ex
1317 130 1455 162 metallo
1478 130 1656 163 confectam
1678 132 1774 163 intel-

123 191 279 224 lexerim.
323 190 476 222 Doricam
499 196 612 220 autem*
632 188 697 219 dici
720 188 896 228 ampullam
917 198 980 218 non
1006 186 1047 217 ob
1078 188 1185 228 ipsum
1207 187 1420 228 vocabulum,
1455 189 1514 220 sed
1535 187 1578 220 ob
1597 188 1775 231 Delphidis

124 249 254 289 Myndii
272 250 421 287 patriam,
444 247 530 277 unde
551 256 663 277 secum
686 256 756 277 eam
780 246 935 277 attulisse
958 245 1124 286 putandus
1148 246 1203 283 sit,
1227 250 1479 278 consentaneum
1502 253 1564 278 est.

206 338 251 371 V.
279 341 349 371 159.
372 338 548 379 legendum
569 347 643 368 esse
664 337 811 376 suspicor
830 337 864 369 αι’
881 337 913 368 δέ
930 350 957 368 τι
977 336 1030 368 καί
1045 348 1079 377 με
1099 338 1184 367 λυπεῖ.
1206 334 1303 366 Prius
1323 334 1355 366 δέ
1371 348 1398 366 τι
1419 337 1449 366 si
1471 346 1550 367 vera
1570 344 1623 369 est
1638 335 1776 369 Boisso-

122 397 199 429 uadi
220 397 406 427 adnotatio:
449 394 535 432 „Est
555 394 589 425 δέ
606 407 634 425 τι
654 395 751 424 etiam
771 396 803 425 in
832 394 948 425 codd.“
987 393 1023 423 In
1045 393 1187 432 quibus?
1227 392 1313 424 Nam
1333 392 1411 430 quid
1434 394 1563 425 intersit
1586 395 1618 426 h.
1642 394 1666 426 l.
1690 397 1780 427 inter

121 452 299 495 particulas
322 452 362 484 ἔτι
383 457 415 482 et
436 449 484 483 καὶ
506 450 645 482 difficile
668 457 719 482 est
738 450 932 486 intellectu3
957 451 1124 491 posterius
1148 461 1220 480 cum
1243 449 1445 480 Hermanno.

207 534 252 565 V.
278 535 347 566 161.
391 534 443 572 „e’v
463 534 553 574 κίστᾳ,
583 534 700 563 cistam
723 543 833 564 secum
863 532 1019 563 attulisse
1048 532 1191 571 putanda
1213 538 1264 563 est
1294 529 1489 562 Simaetha.“
1512 531 1700 565 Wuestem.
1740 534 1776 566 Id

129 602 233 632 neque
251 591 406 632 intelligo
436 591 520 621 uude
541 589 730 630 collegerit,
756 600 859 628 neque
882 590 922 620 ad
952 599 1047 631 quem
1069 600 1164 620 usum
1187 591 1302 620 cistam
1326 599 1437 620 secum
1459 588 1614 621 attulisse
1636 592 1776 629 putanda

124 650 169 680 sit
199 648 353 679 Simaetha
382 648 558 688 perspicio.
602 646 642 677 In
666 658 745 678 voce
769 647 893 679 ὑπέσταν
916 646 1125 687 Kiesslingio
1148 647 1316 677 adsentior
1338 656 1527 685 comparans
1550 653 1711 687 praeterea
1732 647 1776 687 V,

121 707 173 739 m.
193 705 231 738 τὰ
252 707 397 748 Δάφνιδος
418 704 488 745 ἄλγε’
512 703 682 745 ἀροίμαν.
704 703 817 746 Apoll.
841 703 943 735 Rhod.
965 703 1026 742 IV,
1045 703 1097 734 64.
1117 703 1236 735 τέτλαθι
1257 704 1280 735 δ’
1303 704 1399 744 ἔμπης,
1421 702 1469 736 καὶ
1489 705 1590 745 πινυτή
1609 717 1662 747 περ
1682 705 1777 742 ἐοῦσα,

120 763 291 795 πολύστονον
312 762 395 804 ἄλγος
417 762 559 803 ἀείρειν.
602 761 795 792 Extremum
818 760 917 801 hujus
946 760 1044 800 idylli
1074 771 1206 791 versum
1229 762 1329 791 vertit
1351 761 1559 793 Hermannus
1583 760 1705 801 opusc.
1731 761 1776 802 V,

122 830 152 863 p.
171 822 230 853 59:
251 831 326 860 per
348 819 496 851 orbem
517 819 656 850 noctis
681 820 911 858 dispersae
934 817 1099 857 stellae,
1122 818 1234 850 nescio
1254 828 1295 848 an
1317 825 1416 850 recte.

793 909 998 960 Idyllium
1025 909 1100 951 ΠΙ.

203 996 248 1029 V.
268 997 300 1029 7.
341 996 390 1030 τὸν
410 995 553 1038 ἔρωτύλον.
577 996 788 1036 „Respondet
820 996 1009 1027 Plautinum
1033 995 1265 1027 amatorculus.
1309 995 1532 1028 Deminutivae
1562 998 1637 1029 voci
1660 999 1774 1031 ironiae

121 1056 212 1087 notio
234 1053 382 1086 subest.“
425 1054 474 1085 Ita
497 1054 684 1086 Wuestem.
706 1053 834 1084 Kiessl.
858 1053 947 1084 silet.
992 1053 1057 1084 Sed
1080 1054 1157 1092 quid
1181 1053 1348 1094 significat
1371 1053 1545 1091 articulus,
1570 1055 1603 1084 in
1625 1065 1688 1094 quo
1710 1067 1773 1088 non

122 1119 244 1150 temere
267 1112 439 1143 offendas?
473 1112 607 1143 Amicus
631 1112 762 1154 quidam
783 1112 816 1141 in
839 1111 962 1142 litteris
984 1111 1024 1141 ad
1047 1122 1098 1142 me
1121 1112 1207 1141 datis
1235 1110 1367 1141 scribit:
1398 1110 1561 1150 „Memini
1589 1122 1641 1143 me
1661 1112 1774 1155 legere

120 1168 243 1209 alicubi
255 1168 450 1199 vocabulum
467 1168 684 1210 τὸνἘρωτύλον
704 1167 888 1209 majuscula
907 1167 1020 1198 littera
1032 1175 1212 1199 'exaratum
1230 1175 1325 1210 atque
1336 1169 1382 1199 ita
1400 1168 1613 1207 explicatum,
1636 1176 1672 1200 ut
1686 1177 1776 1202 notet

120 1237 297 1269 parvum
321 1227 438 1257 deum
462 1228 663 1258 amoris.“
692 1226 881 1257 Adsentior.
923 1225 1037 1265 Neque
1060 1232 1165 1257 tamen
1193 1227 1341 1257 invenire
1363 1227 1466 1265 potui,
1490 1227 1564 1268 quis
1587 1228 1639 1258 vir
1661 1227 1774 1260 doctus

120 1285 206 1315 illud
238 1283 412 1324 protulerit
439 1291 557 1324 praeter
587 1284 793 1315 Scholiasten
823 1284 857 1313 in
884 1282 916 1313 h.
938 1283 981 1321 l.‚
1013 1284 1069 1324 qui
1091 1284 1253 1313 immerito
1278 1284 1411 1324 scripsit
1433 1284 1491 1324 οὐχ,
1515 1282 1553 1319 ὥς
1574 1298 1651 1321 τινες,
1673 1286 1774 1326 κύριον,

121 1333 205 1373 'Nam
227 1352 268 1371 ne
289 1338 503 1370 intellexisse
526 1340 655 1382 quidem
676 1340 818 1378 videtur,
850 1340 927 1381 quid
949 1338 1038 1379 ὄνομα
1059 1338 1152 1380 κύριον
1182 1339 1227 1380 (h.
1251 1350 1279 1370 e.
1299 1350 1420 1381 parvus
1444 1340 1524 1371 deus
1546 1342 1681 1382 amoris)
1706 1342 1773 1374 sibi

119 1389 234 1429 usellen
257 1397 318 1428 Est
341 1398 444 1437 igitnr
466 1398 481 1429 ὁ
500 1398 659 1438 Ἐρωτύλος
681 1400 827 1428 nostrum
846 1397 918 1427 dein
937 1397 1056 1427 kleiner
1077 1395 1269 1437 I'Aebesg0u‚
1292 1408 1358 1428 vox
1382 1398 1415 1428 in
1435 1404 1601 1436 pastorum
1623 1409 1772 1431 sermone

120 1456 242 1486 amoris
265 1454 475 1495 significandi
493 1465 610 1485 caussa
627 1456 761 1492 usitata,
784 1454 868 1484 unde
889 1453 987 1484 simul
999 1460 1128 1491 apparet
1146 1463 1209 1483 non
1220 1454 1329 1483 inesse
1349 1455 1499 1492 ironiam,
1522 1465 1616 1492 quam
1635 1455 1773 1488 subesse

120 1518 213 1555 putat
236 1510 419 1542 Wuestem.
463 1509 617 1541 Fortasse
638 1512 743 1554 etiarn
760 1509 876 1541 Battus
900 1508 961 1548 IV,
983 1512 1034 1542 59.
1053 1517 1190 1540 amatam
1215 1510 1356 1548 appellat
1378 1510 1431 1542 τὰν
1452 1511 1613 1552 κυάνοφρυν
1633 1512 1771 1553 Ἐρωτίδα

120 1581 159 1600 eo
183 1566 295 1606 sensu,
320 1574 354 1597 ut
378 1569 421 1597 sit
446 1570 530 1597 seae'ne
551 1567 652 1597 lrlez'ne
670 1566 886 1608 Ltehesgmtm
908 1570 963 1598 mil
984 1568 1044 1598 cleu
1066 1566 1465 1607 dunkelnAngenbrmmeu.
1491 1568 1663 1608 Ejusmodi
1680 1569 1771 1601 blan-

119 1628 217 1657 ditias
247 1633 416 1667 pastorum
446 1624 586 1654 sermoni
619 1623 789 1654 admodum
819 1626 994 1656 convenire
1026 1631 1116 1666 patet
1140 1635 1182 1654 ex
1205 1623 1355 1663 pluribus
1388 1624 1561 1664 exemplis.
1588 1626 1629 1657 cf.
1653 1626 1699 1666 X,
1718 1628 1770 1661 33,

116 1683 227 1726 χρύσεοι
248 1681 405 1723 ἀμφότεροί
421 1680 443 1711 κ’
457 1680 622 1720 ‹ia-euastata
642 1684 680 1722 τᾷ
698 1680 871 1723 ’Λφροδίτῳ
893 1680 926 1712 h.
951 1693 979 1713 e.
1004 1688 1165 1722 tamquam
1185 1681 1250 1711 dei.

206 1773 244 1804 V.
266 1774 296 1805 8.
342 1769 358 1812 ἦ
378 1770 416 1813 ῥά
436 1771 469 1812 γε’
485 1783 528 1802 τοι
550 1770 629 1811 σιμὸς
648 1772 862 1812 καταφαίνομαι
882 1772 996 1813 ἐγγύθεν
1017 1770 1092 1813 ἦμεν,

340 1830 443 1870 νύμφα,
465 1828 513 1861 καὶ
533 1829 692 1870 προγένειος·
714 1829 908 1870 ἀπάγξασθαί
923 1842 957 1869 με
978 1835 1108 1869 ποιησεῖς.

201 1905 348 1936 Priorem
378 1906 573 1935 sententiam
601 1904 703 1946 vulgo
728 1904 868 1935 efferunt
898 1915 957 1945 per
987 1905 1290 1945 interrogationem,
1319 1914 1414 1945 quam
1437 1915 1496 1935 cur
1515 1905 1668 1937 intactam
1691 1907 1770 1938 reli-

118 1963 226 2004 querit
247 1963 344 1992 etiam
366 1960 556 1992 Meinekius
578 1962 688 1998 miror,
713 1971 810 2002 quum
826 1962 898 2002 ipse
917 1962 951 1991 in
968 1960 1011 2000 ll,
1031 1962 1082 1992 20.
1104 1962 1277 1991 verissime
1290 1961 1440 2001 judicare
1453 1962 1615 2001 videatur,
1637 1962 1769 1995 obstare

118 2008 214 2059 signo
252 2019 476 2059 interrogandi
508 2019 702 2059 particulam
730 2031 779 2049 τοι.
822 2017 924 2048 Porro
953 2017 1150 2048 vocabulum
1177 2018 1331 2058 προγένεως
1359 2017 1487 2050 Kiessl.
1519 2025 1552 2050 et
1585 2018 1767 2052 Wuestem.

120 2076 281 2112 accipiunt
313 2075 379 2114 „de
406 2081 513 2105 mento
537 2078 776 2120 prominente.“
818 2074 1103 2106 Accommodatius
1129 2074 1209 2105 mihi
1237 2074 1368 2105 videtur
1389 2076 1581 2117 intelligere
1600 2075 1769 2108 barbam

117 2133 368 2173 promissam
388 2131 603 2164 suadentibus
628 2133 726 2164 etiam
736 2131 923 2165 Scholiasta
945 2130 1047 2174 (ἤγουν,
1064 2132 1209 2175 προμήκης·
1218 2131 1269 2174 τὴν
1279 2133 1404 2175 γενειάδα
1424 2139 1518 2173 atque
1538 2131 1684 2175 Virgilio
1698 2132 1768 2166 Ecl.
