1872 2345
120 142 284 175 xro-cabula
307 153 349 173 ex
369 141 425 184 ὀψὲ
446 143 629 184 composita
650 139 840 183 significant
860 139 916 171 vel
937 150 1022 179 eum,
1054 141 1110 182 qni
1134 150 1208 171 sero
1231 138 1357 182 aliquid
1380 139 1459 170 facit
1482 144 1518 169 ut
1540 138 1698 181 ὁψιμαθῆς,
1721 139 1777 172 vel

115 196 157 227 id
189 197 273 237 quod
301 207 374 227 sero
402 196 440 227 fit
460 202 496 227 ut
526 195 663 234 XXIV,
683 196 734 227 31.
768 194 908 236 ὀψίγονος,
940 194 998 225 sed
1020 193 1176 235 ὀψαμάτης
1197 200 1248 226 est
1268 195 1312 234 is,
1334 193 1391 236 qui
1412 202 1543 232 usque
1572 192 1623 222 ad
1643 202 1778 225 seram

117 254 343 293 'vesperam
365 252 470 290 metit,
493 261 572 292 ergo
594 252 667 281 sine
689 250 760 281 ulla
783 251 1030 293 defatigatione.

205 340 250 371 V.
269 343 300 374 9.
343 341 547 372 Wuestem.:
576 339 637 379 „1⁶³⁶
657 340 773 371 ἔκτοθεν
796 341 819 371 i.
830 351 859 371 e.
880 338 918 371 τὰ
938 340 991 378 ἔξω
1012 344 1069 372 τῶν
1080 340 1166 380 ἔργων
1187 363 1194 370 .
1215 363 1223 370 .
1245 363 1251 370 .
1273 362 1280 369 .
1301 337 1390 368 Illud
1411 337 1497 378 ἔργων
1515 347 1561 368 ex
1582 347 1661 367 voce
1673 335 1779 377 ἐργάτᾳ

118 396 343 436 .ε1ἰοίθιι-ἀιιιη,
372 397 405 427 in
429 406 491 438 qua
513 397 657 427 maxima
678 397 730 426 vis
757 401 808 426 est
828 396 972 437 posita.“
1016 394 1052 425 Id
1073 405 1135 436 ego
1160 394 1291 433 quidem
1311 403 1375 423 non
1399 392 1552 422 dixerim.
1598 390 1636 422 In
1660 389 1777 422 verbis

118 451 234 482 „inesse
252 449 334 480 mihi
356 450 486 479 videtur
507 447 726 489 proverbium.
747 447 785 480 τὰ
806 449 923 480 ἔκτοθεν
941 458 1011 489 quae
1034 454 1131 478 extra
1156 453 1245 485 suut,
1269 454 1340 484 quae
1360 455 1424 475 non
1444 444 1484 474 ad
1505 445 1608 483 ipsam
1627 455 1695 474 rem
1706 454 1781 485 per-

121 500 246 536 tinent,
277 500 301 528 i.
327 509 355 528 e.
380 497 577 528 desiderium
599 508 707 528 rerum
729 498 922 529 alienarum.
938 515 982 524 —-·
1011 498 1055 530 V.
1077 500 1126 530 11.
1147 498 1219 538 μηδέ
1236 510 1266 539 γε
1286 497 1409 539 συμβαίη
1432 507 1497 527 non
1520 503 1589 528 est:
1614 508 1678 536 „ne
1701 506 1780 528 vero

123 552 272 583 accidat“
297 551 373 583 sed:
397 561 533 593 neque
558 552 689 582 etiam
712 552 919 584 accidat.“

208 640 252 672 V.
277 643 325 675 13.
347 643 377 674 ἐκ
397 642 478 674 πίθω
500 642 607 679 ἄντλεῖς
627 646 717 684 δῆλον.
749 642 861 676 hauris
891 644 1068 676 manifesto
1092 654 1110 674 e
1133 642 1234 674 dolio.
1256 642 1471 673 Proverbium
1492 643 1653 674 usitatum
1676 640 1716 672 de
1738 641 1782 673 iis

124 697 180 737 qui
210 697 243 726 in
274 695 445 727 laetissima
473 707 508 727 re
538 703 624 727 sunt.
669 696 719 727 lta
749 704 835 728 recte
858 697 1083 733 Scholiastes,·
1116 700 1198 737 δῆλον
1218 697 1341 726 ironice
1363 696 1496 726 dictum.
1541 694 1660 726 Paullo
1682 693 1782 724 aliter

124 748 280 780 Erasmus
301 749 405 791 Adag.
431 749 473 789 11,
499 751 526 782 1.
549 751 600 783 87.
622 760 654 791 p.
676 750 749 783 386.
792 749 889 786 Quod
912 750 1096 781 Wuestem.
1124 750 1232 780 addit:
1266 759 1381 788 „amor
1404 750 1491 779 enim
1515 759 1559 779 ex
1582 748 1784 779 abundantia

125 804 298 833 nascitu1·“
331 803 371 834 ab
399 803 459 834 hoc
483 803 555 834 Ioco
579 803 742 834 abhorret.
785 802 932 833 Vossius
954 805 987 833 in
1010 803 1088 834 Not.
1109 814 1141 844 p.
1163 804 1215 835 33.
1239 808 1416 841 comparat:
1450 801 1525 832 Nun
1536 803 1591 842 ja,
1614 803 1656 832 du
1675 805 1785 832 sz'tzest

123 865 230 892 wat-m,
251 866 321 886 man
341 855 418 886 sielte
439 857 515 886 dit-’s
539 866 588 886 cm.
632 856 755 896 Aptius
775 857 952 894 comparari
970 859 1079 897 potest
1097 862 1261 886 nostrum:
1283 856 1326 895 ja
1346 856 1388 886 du
1404 857 1512 886 πικραί
1539 858 1572 885 in
1590 855 1647 885 der
1667 853 1712 884 JV
1711 854 1783 885 olle.

125 909 232 941 Totus
257 911 360 951 igitur
383 920 500 939 versus
524 908 608 939 hunc
633 908 731 939 habet
753 919 903 940 sensum:
935 912 971 939 tu
1000 913 1095 950 putas
1122 916 1154 939 te
1177 921 1251 940 esse
1275 909 1518 947 felicissimum,
1540 912 1574 939 at
1595 919 1647 939 me
1669 907 1782 938 infeli-

126 966 306 1002 cissimum,
332 965 390 994 sed
412 965 493 994 scito
513 966 644 994 minime
666 966 713 994 ita
737 975 829 999 esse3
855 974 929 995 nam
948 976 1009 1006 ego
1031 975 1104 995 sum
1126 964 1356 1002 felicissimus,
1380 963 1420 994 ab
1432 965 1519 994 omni
1536 974 1613 994 cura
1633 973 1670 993 ac
1688 961 1783 993 solli-

125 1019 271 1050 citudine
293 1019 467 1049 amantium
490 1017 588 1058 liber,
612 1025 648 1050 tu
668 1022 780 1050 contra
801 1020 857 1061 qui
880 1020 1000 1051 amoris
1024 1018 1253 1050 sollieitudine
1277 1019 1415 1060 agitaris
1439 1018 1565 1049 infelix
1588 1028 1636 1049 es.

208 1120 252 1150 V.
277 1122 326 1153 14.
370 1120 466 1162 τοιγὰρ
494 1120 532 1152 τὰ
557 1121 613 1163 πρὸ
638 1125 735 1164 θυρᾶν
761 1124 818 1154 κτλ.
848 1121 1070 1164 proverbialis
1104 1129 1155 1154 est
1183 1123 1313 1153 dicendi
1335 1123 1440 1161 ratio,
1468 1132 1574 1161 propr.
1606 1131 1677 1164 quae
1707 1128 1782 1153 ante

122 1176 256 1216 januam
283 1184 386 1204 meam
415 1180 491 1204 sunt
521 1176 543 1204 i.
568 1186 596 1205 e.
628 1177 787 1217 quidquid
810 1187 917 1207 meum
947 1180 998 1208 est
1018 1177 1122 1215 (Alles
1144 1187 1210 1207 was
1232 1176 1283 1207 ich
1303 1176 1404 1218 habe).
1429 1175 1543 1215 ltaque
1565 1186 1683 1206 sensus
1707 1181 1777 1206 est:

125 1226 272 1268 profecto
290 1231 419 1264 propter
441 1235 581 1256 amorem
603 1237 710 1257 meum
730 1229 839 1258 omnia
864 1238 937 1258 mea
958 1228 1110 1270 neglecta
1129 1229 1251 1268 jacent.

209 1316 253 1348 V.
277 1317 327 1349 17.
373 1315 454 1352 Quae
477 1316 641 1348 iVustem.
663 1317 841 1357 adnotavit,
865 1329 904 1349 ea
925 1325 962 1349 ut
982 1329 1044 1360 ego
1066 1319 1196 1357 quidem
1216 1318 1375 1349 arbritror
1392 1329 1411 1350 a
1430 1324 1537 1349 mente
1556 1324 1662 1359 poetae
1683 1318 1783 1360 plane

127 1368 236 1399 aliena
259 1371 345 1398 sunt.
389 1367 504 1408 Neque
526 1373 614 1397 recte
640 1366 848 1399 Burchardus
870 1379 899 1407 p.
922 1371 1001 1400 228:
1035 1369 1205 1410 „puellam
1227 1369 1277 1400 ob
1306 1370 1626 1401 deformitatem
1647 1381 1726 1402 mox
1750 1377 1782 1402 te

127 1425 161 1454 in
186 1422 362 1452 cruciatum
386 1421 617 1451 daturam.“
643 1420 813 1452 Sententia
833 1429 949 1462 poetae,
975 1423 1042 1452 nisi
1062 1423 1174 1462 fallor,
1203 1423 1271 1454 haec
1293 1431 1361 1455 est:
1395 1424 1523 1455 Invenit
1542 1425 1622 1456 deus
1643 1432 1781 1464 sontem,

128 1487 160 1510 et
189 1489 327 1520 poenam
349 1477 410 1507 tibi
437 1478 608 1514 imposuit3
643 1475 744 1507 habes
766 1486 836 1517 quoe
860 1478 981 1508 dudum
1002 1477 1148 1516 optabas.
1172 1478 1203 1509 h.
1228 1490 1255 1509 e.
1278 1481 1398 1517 optasti
1424 1491 1544 1518 amare,
1577 1491 1661 1511 nunc
1679 1480 1782 1511 habes

127 1531 211 1563 nihil
244 1529 335 1561 aliud
366 1530 432 1559 nisi
456 1529 631 1559 cruciatus.
678 1528 810 1559 Similia
832 1527 919 1559 haud
940 1539 1045 1570 pauca
1068 1540 1140 1561 cum
1163 1529 1223 1561 hoc
1244 1530 1317 1562 loco
1342 1538 1524 1571 comparata
1544 1536 1622 1563 sunt
1642 1534 1677 1563 in
1698 1532 1782 1564 Her-

126 1586 237 1618 manni
260 1583 402 1615 editione
423 1581 523 1624 Soph.
548 1581 654 1613 Elect.
677 1592 711 1613 v.
734 1584 765 1615 2.

212 1674 255 1705 V.
279 1675 330 1706 29.
375 1672 461 1704 Mihi
492 1672 675 1713 probabilis
704 1674 837 1704 videtur
866 1672 1048 1705 Hermanni
1080 1676 1286 1716 conjectura:
1319 1676 1348 1707 ἐν
1376 1680 1435 1712 τοῖς
1462 1676 1593 1718 cremitam
1620 1674 1658 1707 τὰ
1684 1679 1783 1717 πρᾶτα

127 1733 238 1773 λέγοντι,
261 1730 299 1762 de
321 1741 382 1769 qua
414 1729 605 1772 loquutione
629 1731 670 1761 cf.
696 1731 808 1762 Herm.
832 1731 865 1761 in
885 1729 965 1772 Vig.
986 1743 1017 1773 p.
1037 1733 1110 1764 ¹786.
1135 1734 1184 1764 ed.
1206 1732 1265 1764 IV.
1289 1732 1482 1764 Stallbaum.
1505 1733 1537 1762 in
1563 1732 1646 1763 Plat.
1670 1733 1781 1775 Symp.

128 1785 198 1815 178.
227 1781 266 1813 Β.
295 1783 340 1823 (p.
368 1784 420 1813 82.
448 1782 499 1812 ed.
524 1781 590 1822 IL).
622 1781 733 1813 Aliter
761 1783 906 1821 disputat
936 1782 976 1813 de
1006 1784 1154 1818 formulae
1185 1786 1314 1826 origine
1338 1783 1458 1815 Bernh.
1484 1783 1573 1823 Synt.
1597 1795 1627 1823 p.
1651 1785 1724 1818 311.
1746 1785 1783 1817 τὰ

127 1838 233 1877 πρᾶτα,
263 1840 300 1864 ut
323 1835 458 1874 saepius,
480 1845 518 1864 ea
538 1845 607 1873 quae
629 1841 705 1865 sunt
725 1835 1008 1873 praestantissima.
1052 1835 1229 1868 Nostrates
1253 1838 1415 1868 dicerent:
1446 1837 1497 1866 dle
1520 1836 1782 1877 vorziigloe'cksten,

127 1888 178 1918 die
198 1886 258 1917 deu
280 1885 395 1916 Kranz
414 1887 592 1918 verdo’enen.
604 1905 645 1912 —
665 1886 709 1919 V.
730 1888 781 1920 31.
802 1887 957 1927 μαίνεσθαι
977 1887 1027 1919 ἐπί
1042 1901 1095 1920 τινι
1113 1890 1147 1919 ἰιι
1168 1889 1278 1931 aliquo
1298 1890 1419 1920 furere.
1441 1888 1523 1919 Hor.
1540 1889 1647 1931 Epod.
1664 1889 1728 1929 XI,
1749 1892 1782 1923 6.

128 1937 285 1978 „lnachia
306 1937 452 1968 furere.“

211 2026 255 2058 V.
276 2028 327 2059 32.
351 2026 383 2059 αι’
401 2026 433 2058 δέ
449 2040 497 2068 μοι
518 2025 551 2069 ἧς
572 2026 646 2062 ὅσσα
667 2031 724 2061 κτλ.
766 2028 915 2060 Formam
946 2028 1015 2062 αἴθε
1046 2030 1081 2060 in
1106 2028 1269 2060 Meinekii
1298 2029 1444 2061 editione
1471 2031 1590 2062 vitium
1612 2040 1782 2070 operarum

119 2090 214 2119 ⁴essse,
239 2090 283 2111 ex
305 2081 378 2121 ejus
399 2079 606 2112 adnotatione
627 2092 782 2123 apparere
804 2081 946 2113 videtur.
990 2080 1074 2113 Utut
1094 2085 1155 2121 est,
1179 2088 1267 2113 recte
1292 2082 1449 2113 scribitur
1473 2083 1506 2115 αι’
1523 2083 1559 2115 δέ.
1597 2082 1682 2114 Nam
1704 2081 1781 2121 αἴθε,

127 2133 212 2175 quod
234 2135 331 2166 etiam
352 2135 439 2176 apud
449 2133 691 2167 Boissonadum
713 2146 778 2167 una
800 2145 874 2168 cum
894 2137 991 2179 siguo
1012 2136 1220 2169 exclamandi
1243 2143 1318 2178 post
1340 2140 1493 2169 πεπᾶσθαι
1514 2137 1625 2179 posito
1646 2135 1781 2179 legitur,
