1872 2345
830 40 1080 82 ..ΞΠ-..-

110 153 211 187 ergo:
231 147 277 174 et
298 140 338 173 si
359 139 473 172 forte
489 136 718 171 Menalcas
738 133 820 166 hnc
838 130 1109 172 ‚compulerit
1130 130 1203 163 scil.
1228 142 1362 174 gregem
1379 141 1484 171 sunm,
1501 132 1588 172 qnod
1600 142 1697 173 quum
1714 144 1771 173 per

112 211 149 232 se
171 198 380 241 intelligatur
399 207 463 228 nou
485 205 566 235 opus
588 199 659 226 erat
681 198 718 224 ut
741 192 864 224 diserte
887 189 1073 222 adderetur.
1117 186 1187 219 Nos
1208 187 1364 221 similiter
1379 187 1563 231 loquimur:
1585 197 1673 220 noenu
1688 193 1771 221 elwa

109 251 282 285 Meualkae
301 249 425 282 ΙιίενΙιεν
447 248 551 281 treibt.

194 324 239 358 V.
263 325 315 358 43.
358 321 529 355 Menalcas
560 330 659 363 quum
687 329 842 362 puerum,
875 317 1022 358 Daphnis
1053 323 1162 348 autem
1190 315 1337 359 puellam
1364 317 1535 357 depereat,
1579 314 1773 347 Meinekius

107 378 416 413 hemistichiorum,
441 384 513 413 quae
533 375 571 404 ⁴1n
594 372 747 403 versibus
770 374 811 404 43
833 379 866 403 et
888 373 938 404 47.
962 371 1136 412 leguntur,
1170 370 1283 401 sedem
1304 370 1548 408 permutandam
1580 381 1655 400 esse
1679 368 1772 412 [eum

113 429 168 461 Fr.
193 426 364 469 Jacobsio]
391 426 572 457 existimat.
616 424 680 455 His
711 426 922 465 transpositis
952 422 1105 454 versibus
1130 424 1196 461 ita,
1228 428 1264 452 ut
1288 422 1398 453 sedem
1422 424 1557 464 quisque
1582 433 1673 452 suam
1697 432 1771 453 cum

113 480 219 512 altero
238 484 449 521 permutaret,
472 477 514 509 ob
537 476 636 508 aliam
656 486 806 507 caussam
823 477 893 517 jam
910 474 1108 513 obloquutus
1123 480 1174 504 est
1185 473 1326 505 Graefius
1337 474 1396 513 Ep.
1409 472 1490 504 Crit.
1507 484 1539 515 p.
1557 474 1607 505 33.
1630 472 1774 505 Baebius

107 538 226 564 .contra
259 529 464 561 Meinekium
505 528 660 558 observat
697 533 871 567 „pastores
901 525 1055 556 ludentes
1086 526 1225 555 invicem
1259 525 1325 555 sibi
1358 524 1580 565 exprobrasse
1609 527 1774 555 amoresf‘

114 579 211 619 Quod
233 591 304 611 meo
327 580 457 622 quidem
481 589 582 609 sensu
604 587 667 607 non
687 578 774 607 inest
796 577 830 606 in
853 576 1012 607 orationis
1036 574 1157 606 colore.
1181 576 1252 617 Ego
1276 576 1316 606 de
1338 575 1491 606 versibus
1516 577 1767 617 transponendis

108 641 289 676 >propterea
305 644 369 664 non
391 634 512 674 cogito,
536 632 621 670 quod
644 630 731 660 alter
753 641 796 660 ex
820 630 959 660 alterius
981 640 1120 667 persona
1142 629 1233 668 loqui
1255 630 1337 660 mihi
1359 630 1505 668 videtur,
1529 632 1576 660 ita
1600 633 1636 660 ut
1652 641 1775 661 sensus

115 687 161 718 sit
184 685 361 717 Menalcae:
386 695 464 726 ego
495 683 624 714 doleo
652 689 793 713 tecum
824 682 898 723 qui
928 691 1042 712 amas
1082 680 1189 712 hanc
1218 681 1425 723 puellam,
1448 688 1545 721 atque
1568 680 1777 724 Daphnidis:

113 751 191 783 ego
225 740 352 771 doleo
383 746 519 770 tecum
550 739 620 777 qui
652 747 763 768 amas
795 735 1018 767 Milonem.

201 821 240 854 V.
265 823 316 855 53.
359 821 543 853 Admodum
564 819 748 861 probabilis
769 824 821 850 est
841 828 954 849 eorum
975 819 1158 857 sententia,
1192 817 1249 859 qui
1277 824 1351 849 ante
1380 817 1467 849 huuc
1496 828 1630 850 versum
1665 817 1777 858 Daph-

112 874 200 904 nidis
223 873 436 904 tetrastichon
457 872 647 909 excidisse,
681 870 821 911 ideoque
843 880 875 900 v.
897 869 1031 901 53—56.
1056 868 1244 906 Menalcae,
1268 872 1301 899 et
1319 869 1453 910 57—60.
1477 868 1646 907 Daphnidi
1667 870 1779 910 assig-

109 925 238 956 ‘nandos
259 936 334 955 esse
355 923 567 954 arbitrantur.
601 920 698 957 Quod
721 927 828 951 autem
840 919 1031 951 Meinekius
1050 921 1085 951 in
1106 931 1137 951 v.
1158 921 1208 952 59.
1233 921 1382 961 scripsit,
1407 931 1438 951 v.
1458 921 1500 952 55
1519 927 1550 951 et
1569 922 1620 953 56.
1641 922 1777 953 minus

108 984 215 1015 apte
247 976 407 1007 Menalcae
435 975 537 1006 tribui
560 975 687 1012 videri,
720 980 752 1003 et
775 973 908 1004 eosdem
931 984 1048 1004 versus
1071 973 1185 1014 paullo
1208 979 1282 1011 post
1305 975 1375 1011 ipse
1400 972 1561 1004 Menalcae
1585 975 1775 1015 assignatos

106 1029 198 1069 vult,
229 1030 263 1060 id
287 1028 462 1061 conciliare
485 1038 549 1058 non
574 1036 710 1068 possum
732 1027 799 1057 nisi
821 1024 1016 1056 vocabulum
1038 1027 1174 1056 minus
1198 1024 1338 1057 deletur.
1382 1025 1483 1057 Porro
1505 1025 1535 1057 J.
1562 1026 1605 1057 11.
1629 1025 1775 1059 Vossius

109 1085 163 1125 (in
186 1083 322 1115 libello:
343 1083 581 1122 Amnerlmngen
597 1075 893 1121 'zdeandglonen
910 1091 940 1118 p.
961 1080 1041 1120 186.)
1064 1090 1128 1110 non
1151 1079 1303 1110 ultimum
1324 1080 1552 1119 tetrastichon,
1575 1081 1634 1112 sed
1657 1092 1775 1112 versus

113 1137 249 1168 49—52.
281 1134 321 1166 ab
346 1134 463 1165 -aliena
484 1143 582 1164 manu
610 1132 724 1163 illatos
747 1142 823 1163 esse
845 1132 1025 1162 adnotavit.
1071 1130 1194 1161 Contra
1217 1131 1451 1172 Her-mannum,
1476 1134 1528 1164 cui
1553 1133 1705 1165 ultimum
1726 1137 1775 1165 te-

110 1189 308 1229 trastichon,
332 1189 416 1228 quod
441 1189 639 1230 epigramma
661 1188 772 1228 potius
796 1192 886 1217 esset
908 1196 1003 1228 quam
1025 1196 1100 1225 pars
1123 1185 1265 1226 alicujus
1287 1188 1455 1226 carminis,
1480 1187 1662 1218 tollendum
1684 1189 1776 1219 vide-

115 1249 180 1282 tur,
203 1242 348 1273 Baebius
371 1252 403 1283 p.
429 1243 477 1273 16.
499 1240 640 1271 alterum
662 1238 850 1278 scrupulum
873 1246 981 1269 movet
1002 1249 1137 1269 monens
1155 1238 1255 1269 verba
1276 1240 1341 1279 μᾶὶί
1364 1241 1466 1281 ἐςορῶν
1489 1241 1533 1281 (v.
1545 1243 1610 1280 56.)
1621 1242 1657 1271 in
1668 1241 1777 1272 solum

115 1295 301 1326 Menalcam
323 1295 484 1336 quadrare
508 1295 618 1324 evium
639 1296 814 1331 pastorem,
837 1303 901 1323 non
923 1294 1001 1323 item
1022 1294 1055 1322 in
1078 1291 1267 1323 bubulcum.
1302 1292 1367 1323 Sed
1388 1304 1449 1334 ego
1471 1295 1665 1334 putaverim,
1690 1293 1777 1325 hunc

115 1347 303 1386 scrupulum
333 1357 437 1388 neque
462 1345 650 1376 Hermanno
679 1346 881 1385 incognitum
902 1344 1021 1383 fuisse,
1052 1356 1150 1386 quum
1168 1346 1239 1386 jam
1261 1352 1368 1376 motus
1393 1347 1436 1376 sit
1459 1345 1498 1376 ab
1521 1346 1564 1376 H.
1590 1345 1714 1377 Vossio
1737 1348 1772 1377 in

112 1399 213 1431 Notis
234 1411 268 1438 lp.
292 1401 365 1437 31„
398 1410 502 1440 neque
526 1399 656 1428 omnino
679 1397 818 1428 multum
839 1397 961 1428 valere.
1006 1397 1136 1428 Etenim
1164 1399 1195 1428 si
1218 1402 1346 1428 caetera
1365 1399 1457 1439 justo
1482 1400 1596 1430 ordine
1618 1401 1774 1438 procede-

114 1460 198 1492 rent,
221 1457 301 1493 μάλα
316 1452 421 1483 -facile
444 1452 592 1494 intelligi
612 1458 759 1493 possent,
789 1458 825 1482 ut
846 1463 955 1491 saepe,
979 1463 1136 1493 greges
1160 1454 1193 1483 in
1216 1454 1417 1484 universum.
1461 1452 1603 1485 Gravius
1626 1465 1717 1494 vero,
1741 1461 1777 1486 ut

115 1505 197 1537 mihi
218 1505 358 1543 videtur,
382 1510 608 1545 argumentum
631 1504 752 1534 rationi
769 1503 1020 1534 Hermannianae
1044 1513 1108 1534 non
1133 1504 1249 1534 favens
1273 1505 1386 1535 afferri
1406 1511 1525 1543 potest.
1566 1505 1775 1538 normannus

110 1560 201 1590 -enim
225 1558 323 1595 dicit,
354 1557 484 1597 dempto
514 1556 636 1586 ultimo
657 1556 850 1588 tetrasticho
872 1558 1044 1598 aptissime
1067 1559 1238 1596 utriusque
1259 1559 1354 1596 pueri
1377 1569 1505 1588 carmen
1527 1558 1638 1597 finiri,
1668 1558 1774 1590 altero

108 1617 151 1641 -ut
164 1616 293 1641 ametur
311 1615 455 1649 optante,
478 1608 583 1638 altero
602 1608 765 1648 gaudente
788 1610 873 1647 quod
893 1613 1029 1639 ametur.
1053 1608 1098 1640 At
1118 1619 1252 1647 puerum
1263 1608 1416 1647 alterum,
1440 1610 1496 1650 qui
1509 1612 1667 1640 amasium
1680 1621 1775 1642 suum

113 1664 307 1705 pronomine
329 1675 363 1694 w
383 1662 427 1703 (v.
450 1662 514 1702 55.)
544 1661 736 1704 alloquitur,
757 1662 825 1704 jam
845 1665 969 1703 amari,
993 1664 1027 1695 id
1049 1674 1153 1705 neque
1176 1663 1340 1705 reliquum
1360 1674 1509 1703 carmen,
1533 1674 1636 1702 neque
1655 1675 1774 1696 versus

114 1719 249 1749 53—56.
274 1716 420 1747 dilucide
442 1716 590 1754 produnt.
632 1716 716 1747 Nam
744 1717 778 1748 hi
802 1729 918 1749 versus
943 1729 1013 1749 eam
1032 1718 1177 1757 praebent
1201 1712 1414 1756 sententiam,
1446 1725 1481 1748 ut
1503 1719 1685 1760 quicunque
1717 1730 1775 1750 eos

111 1769 202 1799 canit
232 1777 374 1798 amorem
406 1769 459 1799 sui
490 1770 607 1799 amasii
636 1779 704 1810 prae
726 1770 864 1801 caeteris·
886 1769 980 1801 bonis
1013 1777 1171 1809 exoptare
1197 1771 1389 1802 dicatur.-—
1411 1769 1443 1800 ls
1468 1776 1575 1800 autem
1598 1776 1713 1811 optare
1739 1782 1774 1802 se

115 1826 213 1861 negat
242 1830 378 1860 regnum
408 1819 625 1859 latissimum,
658 1832 756 1860 opes,
786 1821 902 1859 pedum
933 1823 1171 1863 pernicitatem.
1215 1821 1251 1852 In
1281 1821 1333 1852 his
1357 1820 1468 1851 verbis
1490 1820 1572 1850 mihi
1596 1821 1774 1852 etiamnum

115 1872 293 1902 offensioni
325 1874 402 1902 sunt
431 1872 546 1911 χρύσεια
575 1873 711 1904 τάλαντα.
754 1872 836 1903 Nam
861 1873 918 1904 ubi
945 1875 1019 1911 quis
1047 1874 1176 1905 τάλαντα
1198 1884 1276 1914 ergo
1299 1878 1463 1902 certum
1494 1872 1661 1909 pondus
1682 1871 1774 1909 dicit,

114 1922 239 1962 requiri
270 1921 400 1951 videtur
424 1921 622 1961 adjectivum
645 1922 742 1964 quale
763 1929 815 1954 est
837 1924 932 1964 μυρία,
965 1930 1001 1954 ut
1022 1931 1098 1965 apta
1121 1925 1260 1965 cogitari
1281 1924 1387 1962 possit
1407 1924 1584 1963 oppositio,
1614 1924 1712 1952 sicuti
1739 1924 1773 1952 in

117 1973 282 2015 exemplis
305 1984 374 2013 quae
393 1976 467 2017 quis
485 1976 635 2008 conferre
656 1983 765 2016 potest
783 1976 847 2017 IX,
873 1979 921 2010 19.
946 1981 1003 2020 πῦρ
1024 1978 1140 2020 δρύϊνον.
1164 1979 1258 2010 Hom.
1280 1976 1320 2008 Il.
1342 1975 1440 2015 xlv,
1460 1978 1533 2010 289.
1556 1976 1656 2014 ὄζοισιν
1676 1976 1775 2008 εἰλατί-

110 2038 207 2063 νοισιν,
231 2029 354 2068 pariter
377 2028 412 2059 in
431 2028 605 2069 adjectivis
627 2030 775 2061 formatis
799 2041 818 2062 a
839 2030 1025 2062 nominibus
1044 2032 1193 2070 propriis.
1216 2030 1281 2061 Sed
1301 2039 1395 2060 nemo
1414 2028 1502 2060 dicet
1523 2028 1693 2059 talenta
1716 2039 1735 2058 a
1745 2040 1775 2059 r-

115 2087 244 2120 gente
257 2092 286 2120 a,
309 2084 382 2113 sive
401 2083 434 2113 id
450 2091 554 2123 genus
568 2083 645 2114 alia.
672 2082 879 2126 Quapropter
890 2086 970 2117 mihi
982 2086 1166 2127 probabilis
1185 2085 1317 2116 videtur
1335 2084 1522 2124 conjectura
1537 2081 1591 2113 vel
1602 2081 1775 2114 Piersoni:

115 2134 259 2176 Κροίσοω,
283 2136 338 2167 vel
359 2135 500 2169 Jortini:
523 2137 669 2178 Κροίσεια.
1447 2178 1474 2217 8
