1872 2345
488 444 700 486 Adnotata
726 444 775 485 in
802 442 1099 484 Theocritum.
1131 440 1321 496 Specim.
1347 439 1385 483 1.

744 536 884 579 Scripsit
916 538 950 569 C.
980 537 1012 568 A
1020 547 1049 568 m
1057 547 1073 568 e
1080 540 1124 568 ie.

180 693 233 757 In
262 726 434 757 Theocriti
465 728 609 757 earmina
639 728 824 769 argumenti
847 728 1007 758 varietate
1026 727 1150 768 pariter
1172 731 1268 768 atque
1290 725 1448 757 orationis
1472 723 1583 755 colore
1604 724 1752 767 insignia

98 796 196 828 quum
218 789 306 818 omni
328 794 472 828 tempore
495 788 661 819 hominum
694 790 862 820 doctorum
893 789 1070 829 viguerunt
1091 788 1222 827 studia,
1261 791 1331 818 tum
1354 793 1467 818 nostra
1487 787 1644 818 memoria
1665 786 1751 817 haud

96 845 191 882 pauci
212 845 387 882 exstitere,
412 847 468 885 qui
491 847 648 876 eximiam
663 847 696 875 in
713 847 756 875 iis
778 851 810 875 et
828 845 1080 883 interpretandis
1100 852 1132 874 et
1149 845 1358 874 emendandis
1382 853 1513 882 operam
1536 843 1749 873 collocarent.

99 898 246 936 Quorum
274 901 489 941 interpretum
518 901 628 931 studia
658 903 714 943 qui
747 902 905 932 attentius
936 901 1217 938 consideraverit,
1249 900 1348 931 facile
1379 899 1549 940 intelliget
1579 901 1612 929 in
1634 899 1748 931 multis

95 956 180 988 locis
212 967 286 987 esse
316 957 456 988 obscura
486 957 675 997 illustrata,
715 957 815 989 dubia
845 957 1056 996 confirmata,
1087 956 1241 987 difficilia
1268 957 1433 995 expedita.
1494 955 1609 987 Nihilo
1641 963 1748 988 tamen

95 1014 203 1043 minus
231 1014 406 1045 etiamnum
434 1015 467 1045 in
492 1014 636 1055 singulis
659 1015 742 1045 locis
772 1014 867 1056 larga
887 1014 971 1045 bene
993 1014 1141 1044 merendi
1163 1014 1293 1044 occasio
1324 1013 1507 1054 praebetur,
1544 1014 1616 1044 sive
1640 1024 1748 1044 emen-

95 1070 259 1101 dationem
282 1077 467 1111 spectemus
490 1070 676 1110 verborum,
701 1073 772 1103 sive
796 1072 1042 1113 diligentiorem
1066 1072 1302 1103 sententiarum
1319 1070 1595 1109 explanationem.
1621 1069 1748 1107 Quodsi

95 1138 156 1168 ego
190 1138 291 1157 ausus
324 1138 396 1157 sum
424 1127 485 1159 hac
509 1128 674 1159 scribendi
697 1130 937 1167 opportunitate
960 1128 1071 1158 oblata
1090 1127 1175 1157 hunc
1195 1134 1326 1168 poetam
1349 1126 1494 1168 eligere,
1538 1127 1572 1157 id
1596 1138 1659 1157 non
1682 1128 1748 1159 feci

94 1184 264 1223 opinatus,
298 1195 349 1215 me
372 1184 493 1223 ubique
516 1195 569 1216 res
592 1185 691 1226 plane
714 1196 816 1216 novas
841 1192 873 1216 et
897 1186 1001 1216 doctis
1025 1184 1190 1215 inauditas
1221 1186 1255 1214 in
1286 1183 1453 1225 publicam
1477 1183 1585 1214 lucem
1608 1186 1747 1216 emissu-

46 1277 49 1279 ς
94 1251 165 1271 rum
186 1251 282 1279 esse,
307 1241 365 1271 sed
387 1241 448 1271 hoc
470 1242 534 1271 fuit
554 1243 758 1282 propositum
781 1253 907 1281 meum,
930 1248 966 1273 ut
988 1243 1021 1272 in
1043 1240 1163 1282 quibus
1186 1240 1269 1271 locis
1290 1240 1501 1280 explicandis
1525 1243 1746 1273 recentissimi

93 1298 288 1333 interpretes
314 1296 367 1327 vel
394 1297 564 1339 ambigunt
587 1297 642 1328 vel
666 1309 685 1328 a
705 1310 783 1329 vero
808 1298 959 1329 aberrare
982 1298 1156 1334 videntur,
1176 1307 1280 1327 meam
1302 1296 1558 1338 qualemcunque
1579 1298 1746 1339 proferam

94 1354 300 1383 sententiam.
345 1352 547 1393 Quapropter
578 1354 698 1393 ubique
731 1356 917 1395 comparavi
940 1354 1115 1384 editionem
1137 1353 1176 1393 ἢ)
1199 1352 1382 1391 Meinekii,
1413 1354 1507 1393 cujus
1529 1354 1595 1385 viri
1618 1355 1653 1385 in
1675 1359 1745 1387 arte

93 1410 208 1440 critica
229 1409 408 1440 factitanda
428 1412 571 1440 omnium
595 1410 648 1441 bic
668 1411 812 1441 maxime
830 1410 1030 1441 excellentis
1050 1416 1170 1450 quanta
1192 1410 1235 1440 sit
1260 1409 1418 1447 eruditio,
1441 1416 1595 1450 quantum
1619 1412 1745 1453 ingenii

92 1475 245 1504 acumen,
284 1471 403 1503 quanta
435 1466 573 1508 denique
598 1467 766 1507 judicandi
797 1465 950 1497 sollertia
976 1478 1018 1497 ex
1051 1466 1112 1497 illo
1133 1465 1240 1504 libro,
1287 1477 1351 1507 quo
1383 1469 1568 1497 accuratius
1599 1469 1744 1508 inspexi,

54 1544 56 1551 .
92 1533 130 1552 eo
162 1522 361 1559 explicatius
389 1533 440 1552 me
474 1524 669 1564 cognovisse
702 1530 795 1564 grato
823 1525 931 1553 animo
955 1522 1123 1553 confiteor.
1167 1522 1297 1553 Deinde
1319 1524 1479 1553 rationem
1502 1523 1604 1555 habui
1626 1524 1744 1557 Kiess-

43 1571 60 1599 ’ἶ
91 1577 295 1619 lingiiatque
309 1577 571 1617 Wnestemanni,
594 1581 649 1619 qui
670 1580 710 1610 de
729 1579 975 1620 interpretando
985 1578 1162 1609 Theocrito
1181 1579 1296 1610 inultis
1319 1579 1507 1624 nominibus
1529 1581 1612 1612 bene
1632 1574 1744 1613 meriti

45 1652 49 1672 3
91 1641 176 1668 sunt.
198 1634 361 1666 Praeterea
383 1644 454 1675 quie
477 1635 695 1672 Hermannus,
715 1634 897 1677 Bergkius,
917 1634 1143 1666 Boissonadus
1162 1636 1235 1676 θ’θ’),
1259 1636 1441 1675 Greverus,
1464 1637 1525 1667 alii
1549 1638 1589 1667 ad
1611 1644 1743 1679 poetam

89 1697 177 1722 recte
210 1690 464 1731 intelligendum
490 1697 601 1721 nostro
625 1696 767 1729 tempore
789 1691 1018 1729 contulerunt,
1054 1692 1171 1723 sedulo
1199 1694 1418 1723 consideravi.
1461 1692 1512 1722 Ne
1536 1694 1610 1734 quis
1633 1698 1744 1733 autem

47 1739 54 1756 ί
89 1748 244 1784 miretur,
272 1747 357 1789 quod
386 1748 484 1777 etiam
514 1746 687 1778 levissima
718 1747 805 1779 haud
833 1759 937 1788 pauca
966 1748 1154 1787 attulerim,
1181 1751 1366 1780 meminerit
1397 1759 1506 1789 quaeso
1529 1748 1599 1781 haec
1621 1752 1742 1790 scripta

70 1815 163 1851 {esse
192 1804 318 1834 ratione
350 1803 461 1835 habita
494 1804 742 1845 discipulorum.
785 1804 892 1835 Locos
925 1805 1108 1847 parallelos
1139 1817 1220 1845 quos
1243 1813 1359 1838 vocant
1382 1812 1450 1837 tum
1473 1807 1602 1838 demum
1622 1808 1740 1849 adjeci,

71 1854 117 1891 lsi
141 1871 222 1899 quos
253 1860 393 1896 nondum
425 1860 575 1890 laudatos
597 1861 709 1890 inveni
739 1859 779 1891 ab
812 1862 1061 1903 interpretibus.
1106 1861 1277 1905 Quidquid
1305 1869 1414 1895 autem
1436 1864 1578 1903 scripsi,
1619 1866 1740 1906 scripsi

70 1887 265 2037 isecundum
282 1916 449 1955 Euripidis
472 1916 577 1947 illud:
604 1918 642 1953 εἰς
662 1916 695 1949 τὸ
715 1916 806 1949 κοινὸν
826 1916 892 1953 δοὺς
911 1917 1022 1958 ἄμεινον
1042 1919 1079 1952 ἄν
1097 1920 1213 1961 μάθοις.

118 2034 151 2066 *)
184 2035 309 2061 Alteram
327 2034 407 2066 dico,
426 2042 486 2068 quae
506 2041 578 2061 anno
597 2035 663 2064 1836
679 2034 807 2062 Berolini
825 2036 939 2070 prodiit.

117 2098 169 2133 ⁸¹³>
205 2101 275 2127 Usus
291 2108 352 2127 sum
372 2100 463 2128 altera
481 2101 614 2135 editione,
634 2110 694 2137 qum
712 2110 784 2130 auno
803 2103 870 2132 1837
885 2102 1005 2130 Parisiis
1024 2102 1127 2130 emissa
1143 2105 1198 2131 ent.

1439 2143 1458 2182 1
