<?xml version="1.0" encoding="UTF-8"?>
<!DOCTYPE html PUBLIC "-//W3C//DTD XHTML 1.0 Transitional//EN"
    "http://www.w3.org/TR/xhtml1/DTD/xhtml1-transitional.dtd">
<html xmlns="http://www.w3.org/1999/xhtml" xml:lang="en" lang="en">
 <head>
  <title>
</title>
<meta http-equiv="Content-Type" content="text/html;charset=utf-8" />
  <meta name='ocr-system' content='tesseract 3.04.00' />
  <meta name='ocr-capabilities' content='ocr_page ocr_carea ocr_par ocr_line ocrx_word'/>
</head>
<body>
  <div class='ocr_page' id='page_1' title='image "4624634_0023.png"; bbox 0 0 1872 2345; ppageno 0'>
   <div class='ocr_carea' id='block_1_1' title="bbox 785 38 1036 79">
    <p class='ocr_par' dir='ltr' id='par_1_1' title="bbox 785 38 1036 79">
     <span class='ocr_line' id='line_1_1' title="bbox 785 38 1036 79; baseline 0.004 -11"><span class='ocrx_word' id='word_1_1' title='bbox 785 38 1036 79; x_wconf 80' lang='lat'>...15—</span> 
     </span>
    </p>
   </div>
   <div class='ocr_carea' id='block_1_2' title="bbox 74 124 1735 969">
    <p class='ocr_par' dir='ltr' id='par_1_2' title="bbox 74 124 1735 969">
     <span class='ocr_line' id='line_1_2' title="bbox 77 124 1733 179; baseline -0.007 -10"><span class='ocrx_word' id='word_1_2' title='bbox 77 138 232 179; x_wconf 87' lang='lat' dir='ltr'><strong>munique</strong></span> <span class='ocrx_word' id='word_1_3' title='bbox 255 135 342 167; x_wconf 86' lang='lat' dir='ltr'><strong>fama</strong></span> <span class='ocrx_word' id='word_1_4' title='bbox 364 134 642 175; x_wconf 69' lang='lat' dir='ltr'><strong>syracusanarum</strong></span> <span class='ocrx_word' id='word_1_5' title='bbox 665 129 862 162; x_wconf 71' lang='lat' dir='ltr'>celebratam</span> <span class='ocrx_word' id='word_1_6' title='bbox 885 130 1057 161; x_wconf 87' lang='lat' dir='ltr'><strong>mulierem</strong></span> <span class='ocrx_word' id='word_1_7' title='bbox 1082 129 1135 171; x_wconf 88' lang='lat' dir='ltr'><strong>(de</strong></span> <span class='ocrx_word' id='word_1_8' title='bbox 1156 140 1219 172; x_wconf 89' lang='lat' dir='ltr'><strong>quo</strong></span> <span class='ocrx_word' id='word_1_9' title='bbox 1239 134 1303 160; x_wconf 86' lang='lat' dir='ltr'><strong>usu</strong></span> <span class='ocrx_word' id='word_1_10' title='bbox 1328 124 1599 160; x_wconf 80' lang='lat' dir='ltr'><strong>articulifusius</strong></span> <span class='ocrx_word' id='word_1_11' title='bbox 1631 135 1733 164; x_wconf 79' lang='lat' dir='ltr'><strong>expo-</strong></span> 
     </span>
     <span class='ocr_line' id='line_1_3' title="bbox 79 185 1734 231; baseline -0.007 -6"><span class='ocrx_word' id='word_1_12' title='bbox 79 195 147 225; x_wconf 86' lang='lat' dir='ltr'><strong>suit</strong></span> <span class='ocrx_word' id='word_1_13' title='bbox 157 193 363 224; x_wconf 80' lang='lat' dir='ltr'><strong>Hermannus</strong></span> <span class='ocrx_word' id='word_1_14' title='bbox 386 194 418 223; x_wconf 89' lang='lat' dir='ltr'><strong>in</strong></span> <span class='ocrx_word' id='word_1_15' title='bbox 442 191 634 230; x_wconf 70' lang='lat' dir='ltr'><strong>praefatione</strong></span> <span class='ocrx_word' id='word_1_16' title='bbox 653 188 835 231; x_wconf 66' lang='lat' dir='ltr'><strong>Iphigeniae</strong></span> <span class='ocrx_word' id='word_1_17' title='bbox 855 187 1092 226; x_wconf 86' lang='lat' dir='ltr'><strong>Aulidensis.).</strong></span> <span class='ocrx_word' id='word_1_18' title='bbox 1117 187 1270 219; x_wconf 81' lang='lat' dir='ltr'><strong>Simaetha</strong></span> <span class='ocrx_word' id='word_1_19' title='bbox 1290 197 1386 226; x_wconf 88' lang='lat' dir='ltr'><strong>porro</strong></span> <span class='ocrx_word' id='word_1_20' title='bbox 1407 196 1505 228; x_wconf 92' lang='lat' dir='ltr'><strong>quum</strong></span> <span class='ocrx_word' id='word_1_21' title='bbox 1524 194 1588 215; x_wconf 89' lang='lat' dir='ltr'><strong>non</strong></span> <span class='ocrx_word' id='word_1_22' title='bbox 1605 185 1734 215; x_wconf 79' lang='lat' dir='ltr'><strong>viveret</strong></span> 
     </span>
     <span class='ocr_line' id='line_1_4' title="bbox 78 243 1734 288; baseline -0.006 -7"><span class='ocrx_word' id='word_1_23' title='bbox 78 250 197 282; x_wconf 86' lang='lat' dir='ltr'><strong>humili</strong></span> <span class='ocrx_word' id='word_1_24' title='bbox 220 250 421 288; x_wconf 87' lang='lat' dir='ltr'><strong>condicione,</strong></span> <span class='ocrx_word' id='word_1_25' title='bbox 447 248 503 279; x_wconf 90' lang='lat' dir='ltr'><strong>sed</strong></span> <span class='ocrx_word' id='word_1_26' title='bbox 528 245 750 277; x_wconf 80' lang='lat' dir='ltr'><strong>nobilioribus</strong></span> <span class='ocrx_word' id='word_1_27' title='bbox 773 245 896 284; x_wconf 82' lang='lat' dir='ltr'><strong>puellis</strong></span> <span class='ocrx_word' id='word_1_28' title='bbox 918 247 962 276; x_wconf 89' lang='lat' dir='ltr'><strong>sit</strong></span> <span class='ocrx_word' id='word_1_29' title='bbox 983 246 1235 283; x_wconf 79' lang='lat' dir='ltr'>adnumeranda,</span> <span class='ocrx_word' id='word_1_30' title='bbox 1260 244 1401 285; x_wconf 84' lang='lat' dir='ltr'><strong>putanda</strong></span> <span class='ocrx_word' id='word_1_31' title='bbox 1421 249 1472 273; x_wconf 88' lang='lat' dir='ltr'><strong>est</strong></span> <span class='ocrx_word' id='word_1_32' title='bbox 1500 243 1734 272; x_wconf 77' lang='lat' dir='ltr'><strong>vestimentum</strong></span> 
     </span>
     <span class='ocr_line' id='line_1_5' title="bbox 79 299 1734 350; baseline -0.007 -11"><span class='ocrx_word' id='word_1_33' title='bbox 79 307 165 343; x_wconf 83' lang='lat' dir='ltr'><strong>illud</strong></span> <span class='ocrx_word' id='word_1_34' title='bbox 194 308 258 350; x_wconf 76' lang='grc' dir='ltr'>(τὰν</span> <span class='ocrx_word' id='word_1_35' title='bbox 279 307 406 346; x_wconf 72' lang='grc' dir='ltr'>ξυστίδα)</span> <span class='ocrx_word' id='word_1_36' title='bbox 429 305 596 346; x_wconf 86' lang='lat' dir='ltr'><strong>proprium</strong></span> <span class='ocrx_word' id='word_1_37' title='bbox 618 304 820 345; x_wconf 85' lang='lat' dir='ltr'><strong>possedisse.</strong></span> <span class='ocrx_word' id='word_1_38' title='bbox 864 303 943 334; x_wconf 85' lang='lat' dir='ltr'><strong>Haec</strong></span> <span class='ocrx_word' id='word_1_39' title='bbox 974 304 1004 334; x_wconf 94' lang='lat' dir='ltr'><strong>si</strong></span> <span class='ocrx_word' id='word_1_40' title='bbox 1035 310 1124 334; x_wconf 88' lang='lat' dir='ltr'><strong>recte</strong></span> <span class='ocrx_word' id='word_1_41' title='bbox 1147 303 1344 343; x_wconf 83' lang='lat' dir='ltr'><strong>conjecimus</strong></span> <span class='ocrx_word' id='word_1_42' title='bbox 1374 302 1551 344; x_wconf 70' lang='lat' dir='ltr'><strong>quaeritur,</strong></span> <span class='ocrx_word' id='word_1_43' title='bbox 1583 299 1663 342; x_wconf 87' lang='lat' dir='ltr'><strong>quid</strong></span> <span class='ocrx_word' id='word_1_44' title='bbox 1689 299 1734 329; x_wconf 87' lang='lat' dir='ltr'><strong>sit</strong></span> 
     </span>
     <span class='ocr_line' id='line_1_6' title="bbox 79 359 1734 404; baseline -0.006 -7"><span class='ocrx_word' id='word_1_45' title='bbox 79 365 100 397; x_wconf 85' lang='grc' dir='ltr'>ἁ</span> <span class='ocrx_word' id='word_1_46' title='bbox 120 365 213 403; x_wconf 76' lang='grc' dir='ltr'><strong><em>ξυστῖς</em></strong></span> <span class='ocrx_word' id='word_1_47' title='bbox 233 369 286 400; x_wconf 78' lang='grc' dir='ltr'><strong>τᾶς</strong></span> <span class='ocrx_word' id='word_1_48' title='bbox 306 363 493 404; x_wconf 77' lang='grc' dir='ltr'><strong><em>Κλεαρίστας.</em></strong></span> <span class='ocrx_word' id='word_1_49' title='bbox 536 362 607 403; x_wconf 84' lang='lat' dir='ltr'><strong>Ego</strong></span> <span class='ocrx_word' id='word_1_50' title='bbox 629 362 757 400; x_wconf 90' lang='lat' dir='ltr'><strong>quidem</strong></span> <span class='ocrx_word' id='word_1_51' title='bbox 778 362 930 402; x_wconf 90' lang='lat' dir='ltr'><strong>suspicor</strong></span> <span class='ocrx_word' id='word_1_52' title='bbox 947 362 1073 402; x_wconf 87' lang='lat' dir='ltr'><strong>signari</strong></span> <span class='ocrx_word' id='word_1_53' title='bbox 1092 372 1140 391; x_wconf 93' lang='lat' dir='ltr'><strong>ve</strong></span> <span class='ocrx_word' id='word_1_54' title='bbox 1153 361 1309 391; x_wconf 87' lang='lat' dir='ltr'><strong>stimen</strong></span> <span class='ocrx_word' id='word_1_55' title='bbox 1322 366 1363 389; x_wconf 89' lang='lat' dir='ltr'><strong>tu</strong></span> <span class='ocrx_word' id='word_1_56' title='bbox 1375 370 1405 389; x_wconf 89' lang='lat' dir='ltr'><strong>m</strong></span> <span class='ocrx_word' id='word_1_57' title='bbox 1428 360 1531 397; x_wconf 88' lang='lat' dir='ltr'><strong>quod</strong></span> <span class='ocrx_word' id='word_1_58' title='bbox 1545 359 1563 388; x_wconf 93' lang='lat' dir='ltr'><strong>d</strong></span> <span class='ocrx_word' id='word_1_59' title='bbox 1576 369 1636 388; x_wconf 91' lang='lat' dir='ltr'><strong>am</strong></span> <span class='ocrx_word' id='word_1_60' title='bbox 1657 366 1734 387; x_wconf 89' lang='lat' dir='ltr'><strong>mu-</strong></span> 
     </span>
     <span class='ocr_line' id='line_1_7' title="bbox 78 415 1734 461; baseline -0.006 -7"><span class='ocrx_word' id='word_1_61' title='bbox 78 422 241 461; x_wconf 86' lang='lat' dir='ltr'><strong>liebre,</strong></span> <span class='ocrx_word' id='word_1_62' title='bbox 273 422 378 461; x_wconf 91' lang='lat' dir='ltr'><strong>quod</strong></span> <span class='ocrx_word' id='word_1_63' title='bbox 411 430 561 450; x_wconf 89' lang='lat' dir='ltr'><strong>nomen</strong></span> <span class='ocrx_word' id='word_1_64' title='bbox 583 420 723 451; x_wconf 81' lang='lat' dir='ltr'><strong>traxit</strong></span> <span class='ocrx_word' id='word_1_65' title='bbox 746 430 765 450; x_wconf 91' lang='lat' dir='ltr'><strong>a</strong></span> <span class='ocrx_word' id='word_1_66' title='bbox 789 418 1029 450; x_wconf 87' lang='lat' dir='ltr'><strong>Clearista.</strong></span> <span class='ocrx_word' id='word_1_67' title='bbox 1064 418 1143 449; x_wconf 76' lang='lat' dir='ltr'><strong>Haec</strong></span> <span class='ocrx_word' id='word_1_68' title='bbox 1164 419 1250 449; x_wconf 87' lang='lat' dir='ltr'><strong>enim</strong></span> <span class='ocrx_word' id='word_1_69' title='bbox 1275 418 1347 448; x_wconf 85' lang='lat' dir='ltr'><strong>sive</strong></span> <span class='ocrx_word' id='word_1_70' title='bbox 1370 415 1484 458; x_wconf 85' lang='lat' dir='ltr'><strong>puella</strong></span> <span class='ocrx_word' id='word_1_71' title='bbox 1507 417 1578 446; x_wconf 84' lang='lat' dir='ltr'><strong>sive</strong></span> <span class='ocrx_word' id='word_1_72' title='bbox 1598 415 1734 446; x_wconf 85' lang='lat' dir='ltr'><strong>foemina</strong></span> 
     </span>
     <span class='ocr_line' id='line_1_8' title="bbox 80 473 1732 517; baseline -0.005 -7"><span class='ocrx_word' id='word_1_73' title='bbox 80 481 212 511; x_wconf 77' lang='lat' dir='ltr'><strong>videtur</strong></span> <span class='ocrx_word' id='word_1_74' title='bbox 231 480 263 509; x_wconf 89' lang='lat' dir='ltr'><strong>in</strong></span> <span class='ocrx_word' id='word_1_75' title='bbox 274 479 386 509; x_wconf 83' lang='lat' dir='ltr'><strong>ordine</strong></span> <span class='ocrx_word' id='word_1_76' title='bbox 398 488 506 508; x_wconf 87' lang='lat' dir='ltr'><strong>earum</strong></span> <span class='ocrx_word' id='word_1_77' title='bbox 518 478 635 517; x_wconf 88' lang='lat' dir='ltr'><strong>fuisse,</strong></span> <span class='ocrx_word' id='word_1_78' title='bbox 656 483 740 516; x_wconf 53' lang='lat' dir='ltr'><strong>quas*</strong></span> <span class='ocrx_word' id='word_1_79' title='bbox 748 478 845 507; x_wconf 84' lang='lat' dir='ltr'><strong>etiam</strong></span> <span class='ocrx_word' id='word_1_80' title='bbox 855 482 1020 507; x_wconf 81' lang='lat' dir='ltr'><strong>nostrates</strong></span> <span class='ocrx_word' id='word_1_81' title='bbox 1028 476 1148 514; x_wconf 72' lang='lat' dir='ltr'><strong>puella!</strong></span> <span class='ocrx_word' id='word_1_82' title='bbox 1160 482 1255 514; x_wconf 87' lang='lat' dir='ltr'><strong>atque</strong></span> <span class='ocrx_word' id='word_1_83' title='bbox 1264 485 1389 505; x_wconf 81' lang='lat' dir='ltr'><strong>uxores</strong></span> <span class='ocrx_word' id='word_1_84' title='bbox 1401 473 1630 504; x_wconf 78' lang='lat' dir='ltr'><strong>lubentissime</strong></span> <span class='ocrx_word' id='word_1_85' title='bbox 1641 473 1732 503; x_wconf 83' lang='lat' dir='ltr'><strong>adire</strong></span> 
     </span>
     <span class='ocr_line' id='line_1_9' title="bbox 79 529 1733 577; baseline -0.004 -10"><span class='ocrx_word' id='word_1_86' title='bbox 79 539 288 574; x_wconf 81' lang='lat' dir='ltr'><strong>consuerunt,</strong></span> <span class='ocrx_word' id='word_1_87' title='bbox 312 542 344 566; x_wconf 88' lang='lat' dir='ltr'><strong>et</strong></span> <span class='ocrx_word' id='word_1_88' title='bbox 363 546 432 574; x_wconf 76' lang='lat' dir='ltr'><strong>qute</strong></span> <span class='ocrx_word' id='word_1_89' title='bbox 457 535 588 577; x_wconf 74' lang='lat' dir='ltr'><strong>vulgari</strong></span> <span class='ocrx_word' id='word_1_90' title='bbox 607 545 757 566; x_wconf 87' lang='lat' dir='ltr'><strong>sermone</strong></span> <span class='ocrx_word' id='word_1_91' title='bbox 777 534 914 564; x_wconf 87' lang='lat' dir='ltr'><strong>audiunt</strong></span> <span class='ocrx_word' id='word_1_92' title='bbox 935 533 1246 564; x_wconf 73' lang='lat' dir='ltr'><strong>Putzmaclaemmen.</strong></span> <span class='ocrx_word' id='word_1_93' title='bbox 1286 532 1334 563; x_wconf 85' lang='lat' dir='ltr'><strong>Ac</strong></span> <span class='ocrx_word' id='word_1_94' title='bbox 1359 533 1472 562; x_wconf 87' lang='lat' dir='ltr'><strong>nescio</strong></span> <span class='ocrx_word' id='word_1_95' title='bbox 1493 541 1533 561; x_wconf 87' lang='lat' dir='ltr'><strong>an</strong></span> <span class='ocrx_word' id='word_1_96' title='bbox 1558 541 1643 560; x_wconf 73' lang='lat' dir='ltr'><strong>nova</strong></span> <span class='ocrx_word' id='word_1_97' title='bbox 1665 529 1733 560; x_wconf 88' lang='lat' dir='ltr'><strong>ele-</strong></span> 
     </span>
     <span class='ocr_line' id='line_1_10' title="bbox 78 588 1734 636; baseline -0.005 -11"><span class='ocrx_word' id='word_1_98' title='bbox 78 595 232 636; x_wconf 83' lang='lat' dir='ltr'><strong>gantique</strong></span> <span class='ocrx_word' id='word_1_99' title='bbox 264 594 400 632; x_wconf 81' lang='lat' dir='ltr'><strong>quadam</strong></span> <span class='ocrx_word' id='word_1_100' title='bbox 430 594 533 623; x_wconf 86' lang='lat' dir='ltr'><strong>forma</strong></span> <span class='ocrx_word' id='word_1_101' title='bbox 564 593 707 622; x_wconf 68' lang='lat' dir='ltr'><strong>vestium</strong></span> <span class='ocrx_word' id='word_1_102' title='bbox 737 591 1012 622; x_wconf 85' lang='lat' dir='ltr'><strong>conficiendarum</strong></span> <span class='ocrx_word' id='word_1_103' title='bbox 1049 591 1293 630; x_wconf 63' lang='lat' dir='ltr'><strong>(ueumodcsclaeer</strong></span> <span class='ocrx_word' id='word_1_104' title='bbox 1318 589 1483 620; x_wconf 75' lang='lat' dir='ltr'><strong>Zusclme&#39;tl</strong></span> <span class='ocrx_word' id='word_1_105' title='bbox 1504 590 1561 619; x_wconf 86' lang='lat' dir='ltr'><strong>der</strong></span> <span class='ocrx_word' id='word_1_106' title='bbox 1583 588 1734 628; x_wconf 68' lang='lat' dir='ltr'><strong>Jx&#39;leider)</strong></span> 
     </span>
     <span class='ocr_line' id='line_1_11' title="bbox 79 646 1735 693; baseline -0.005 -10"><span class='ocrx_word' id='word_1_107' title='bbox 79 652 166 693; x_wconf 84' lang='lat' dir='ltr'><strong>apud</strong></span> <span class='ocrx_word' id='word_1_108' title='bbox 197 651 418 691; x_wconf 69' lang='lat' dir='ltr'><strong>Syracusanas</strong></span> <span class='ocrx_word' id='word_1_109' title='bbox 450 650 497 679; x_wconf 86' lang='lat' dir='ltr'><strong>ita</strong></span> <span class='ocrx_word' id='word_1_110' title='bbox 527 648 684 679; x_wconf 83' lang='lat' dir='ltr'><strong>claruerit</strong></span> <span class='ocrx_word' id='word_1_111' title='bbox 707 648 774 680; x_wconf 78' lang='lat' dir='ltr'><strong>liaec</strong></span> <span class='ocrx_word' id='word_1_112' title='bbox 797 647 981 688; x_wconf 77' lang='lat' dir='ltr'><strong>Clearista,</strong></span> <span class='ocrx_word' id='word_1_113' title='bbox 1015 652 1051 679; x_wconf 88' lang='lat' dir='ltr'><strong>ut</strong></span> <span class='ocrx_word' id='word_1_114' title='bbox 1074 659 1177 690; x_wconf 82' lang='lat' dir='ltr'><strong>genus</strong></span> <span class='ocrx_word' id='word_1_115' title='bbox 1201 647 1358 687; x_wconf 88' lang='lat' dir='ltr'><strong>quoddam</strong></span> <span class='ocrx_word' id='word_1_116' title='bbox 1383 648 1654 677; x_wconf 80' lang='lat' dir='ltr'><strong>vestimentorum</strong></span> <span class='ocrx_word' id='word_1_117' title='bbox 1675 646 1735 675; x_wconf 87' lang='lat' dir='ltr'><strong>im-</strong></span> 
     </span>
     <span class='ocr_line' id='line_1_12' title="bbox 78 704 1735 747; baseline -0.004 -7"><span class='ocrx_word' id='word_1_118' title='bbox 78 708 272 740; x_wconf 81' lang='lat' dir='ltr'><strong>mortalitati</strong></span> <span class='ocrx_word' id='word_1_119' title='bbox 301 708 474 739; x_wconf 85' lang='lat' dir='ltr'><strong>mulierum</strong></span> <span class='ocrx_word' id='word_1_120' title='bbox 498 705 777 738; x_wconf 80' lang='lat' dir='ltr'><strong>confabulantium</strong></span> <span class='ocrx_word' id='word_1_121' title='bbox 800 713 1055 737; x_wconf 83' lang='lat' dir='ltr'><strong>consecraretur.</strong></span> <span class='ocrx_word' id='word_1_122' title='bbox 1090 706 1252 738; x_wconf 79' lang='lat' dir='ltr'><strong>Similiter</strong></span> <span class='ocrx_word' id='word_1_123' title='bbox 1268 706 1397 747; x_wconf 87' lang='lat' dir='ltr'><strong>judicat</strong></span> <span class='ocrx_word' id='word_1_124' title='bbox 1421 704 1602 743; x_wconf 63' lang='lat' dir='ltr'><strong>Grex-erus,</strong></span> <span class='ocrx_word' id='word_1_125' title='bbox 1624 714 1735 743; x_wconf 90' lang='lat' dir='ltr'><strong>quam-</strong></span> 
     </span>
     <span class='ocr_line' id='line_1_13' title="bbox 77 754 1735 810; baseline -0.003 -12"><span class='ocrx_word' id='word_1_126' title='bbox 77 754 174 810; x_wconf 55' lang='lat' dir='ltr'><strong>quam</strong></span> <span class='ocrx_word' id='word_1_127' title='bbox 196 765 394 804; x_wconf 82' lang='lat' dir='ltr'><strong>explicatius</strong></span> <span class='ocrx_word' id='word_1_128' title='bbox 418 775 481 795; x_wconf 93' lang='lat' dir='ltr'><strong>non</strong></span> <span class='ocrx_word' id='word_1_129' title='bbox 506 764 751 795; x_wconf 83' lang='lat' dir='ltr'><strong>demonstravit.</strong></span> <span class='ocrx_word' id='word_1_130' title='bbox 797 764 862 794; x_wconf 85' lang='lat' dir='ltr'><strong>Sed</strong></span> <span class='ocrx_word' id='word_1_131' title='bbox 888 763 970 794; x_wconf 87' lang='lat' dir='ltr'><strong>hanc</strong></span> <span class='ocrx_word' id='word_1_132' title='bbox 993 766 1206 803; x_wconf 76' lang='lat' dir='ltr'><strong>quaestionem</strong></span> <span class='ocrx_word' id='word_1_133' title='bbox 1230 765 1409 802; x_wconf 81' lang='lat' dir='ltr'><strong>mittamus,</strong></span> <span class='ocrx_word' id='word_1_134' title='bbox 1434 765 1586 805; x_wconf 88' lang='lat' dir='ltr'><strong>quoniam</strong></span> <span class='ocrx_word' id='word_1_135' title='bbox 1610 770 1642 794; x_wconf 89' lang='lat' dir='ltr'><strong>et</strong></span> <span class='ocrx_word' id='word_1_136' title='bbox 1666 762 1735 793; x_wconf 88' lang='lat' dir='ltr'><strong>alia</strong></span> 
     </span>
     <span class='ocr_line' id='line_1_14' title="bbox 74 817 1735 864; baseline -0.002 -9"><span class='ocrx_word' id='word_1_137' title='bbox 74 817 198 864; x_wconf 20' lang='lat' dir='ltr'><strong>*conjici</strong></span> <span class='ocrx_word' id='word_1_138' title='bbox 229 829 388 864; x_wconf 83' lang='lat' dir='ltr'><strong>possunt,</strong></span> <span class='ocrx_word' id='word_1_139' title='bbox 420 833 479 852; x_wconf 87' lang='lat' dir='ltr'><strong>nec</strong></span> <span class='ocrx_word' id='word_1_140' title='bbox 520 823 717 852; x_wconf 80' lang='lat' dir='ltr'><strong>testimoniis</strong></span> <span class='ocrx_word' id='word_1_141' title='bbox 748 820 979 851; x_wconf 86' lang='lat' dir='ltr'><strong>deficientibus</strong></span> <span class='ocrx_word' id='word_1_142' title='bbox 1008 823 1089 852; x_wconf 88' lang='lat' dir='ltr'><strong>certi</strong></span> <span class='ocrx_word' id='word_1_143' title='bbox 1112 822 1187 860; x_wconf 91' lang='lat' dir='ltr'><strong>quid</strong></span> <span class='ocrx_word' id='word_1_144' title='bbox 1213 821 1314 851; x_wconf 81' lang='lat' dir='ltr'><strong>statui</strong></span> <span class='ocrx_word' id='word_1_145' title='bbox 1336 831 1436 861; x_wconf 90' lang='lat' dir='ltr'><strong>posse</strong></span> <span class='ocrx_word' id='word_1_146' title='bbox 1457 821 1597 852; x_wconf 86' lang='lat' dir='ltr'><strong>videtur.</strong></span> <span class='ocrx_word' id='word_1_147' title='bbox 1643 821 1735 851; x_wconf 87' lang='lat' dir='ltr'><strong>Illud</strong></span> 
     </span>
     <span class='ocr_line' id='line_1_15' title="bbox 79 878 1733 920; baseline -0.001 -10"><span class='ocrx_word' id='word_1_148' title='bbox 79 891 178 911; x_wconf 89' lang='lat' dir='ltr'><strong>unum</strong></span> <span class='ocrx_word' id='word_1_149' title='bbox 200 880 420 909; x_wconf 88' lang='lat' dir='ltr'><strong>tantummodo</strong></span> <span class='ocrx_word' id='word_1_150' title='bbox 449 888 507 916; x_wconf 86' lang='lat' dir='ltr'><strong>pro</strong></span> <span class='ocrx_word' id='word_1_151' title='bbox 537 885 625 908; x_wconf 87' lang='lat' dir='ltr'><strong>certo</strong></span> <span class='ocrx_word' id='word_1_152' title='bbox 652 879 817 909; x_wconf 85' lang='lat' dir='ltr'><strong>affirmare</strong></span> <span class='ocrx_word' id='word_1_153' title='bbox 849 879 974 915; x_wconf 91' lang='lat' dir='ltr'><strong>ausim,</strong></span> <span class='ocrx_word' id='word_1_154' title='bbox 1019 887 1084 908; x_wconf 87' lang='lat' dir='ltr'><strong>nou</strong></span> <span class='ocrx_word' id='word_1_155' title='bbox 1106 878 1317 920; x_wconf 85' lang='lat' dir='ltr'><strong>significasse</strong></span> <span class='ocrx_word' id='word_1_156' title='bbox 1338 882 1467 916; x_wconf 84' lang='lat' dir='ltr'><strong>poetam</strong></span> <span class='ocrx_word' id='word_1_157' title='bbox 1489 878 1585 909; x_wconf 91' lang='lat' dir='ltr'><strong>illum</strong></span> <span class='ocrx_word' id='word_1_158' title='bbox 1608 888 1733 909; x_wconf 86' lang='lat' dir='ltr'><strong>morem</strong></span> 
     </span>
     <span class='ocr_line' id='line_1_16' title="bbox 78 936 500 969; baseline -0.009 0"><span class='ocrx_word' id='word_1_159' title='bbox 78 938 220 969; x_wconf 75' lang='lat' dir='ltr'><strong>vestium</strong></span> <span class='ocrx_word' id='word_1_160' title='bbox 241 936 500 967; x_wconf 84' lang='lat' dir='ltr'><strong>mutuandarum.</strong></span> 
     </span>
    </p>
   </div>
   <div class='ocr_carea' id='block_1_3' title="bbox 158 1024 1103 1067">
    <p class='ocr_par' dir='ltr' id='par_1_3' title="bbox 158 1024 1103 1067">
     <span class='ocr_line' id='line_1_17' title="bbox 158 1024 1103 1067; baseline -0.002 -9"><span class='ocrx_word' id='word_1_161' title='bbox 158 1025 202 1057; x_wconf 90' lang='lat' dir='ltr'><strong>V.</strong></span> <span class='ocrx_word' id='word_1_162' title='bbox 225 1027 277 1058; x_wconf 88' lang='grc'><strong>88.</strong></span> <span class='ocrx_word' id='word_1_163' title='bbox 320 1025 373 1057; x_wconf 81' lang='grc' dir='ltr'><strong>καί</strong></span> <span class='ocrx_word' id='word_1_164' title='bbox 387 1038 438 1066; x_wconf 88' lang='grc' dir='ltr'><strong>μευ</strong></span> <span class='ocrx_word' id='word_1_165' title='bbox 458 1025 534 1067; x_wconf 78' lang='grc' dir='ltr'><em>χρὼς</em></span> <span class='ocrx_word' id='word_1_166' title='bbox 552 1024 602 1067; x_wconf 76' lang='grc' dir='ltr'><strong>μὲν</strong></span> <span class='ocrx_word' id='word_1_167' title='bbox 624 1025 718 1066; x_wconf 80' lang='grc' dir='ltr'><em>ὁμοῖος</em></span> <span class='ocrx_word' id='word_1_168' title='bbox 738 1025 838 1066; x_wconf 71' lang='grc' dir='ltr'><em>ε’γίιέτο</em></span> <span class='ocrx_word' id='word_1_169' title='bbox 858 1024 978 1057; x_wconf 77' lang='grc' dir='ltr'><strong><em>πολλάκι</em></strong></span> <span class='ocrx_word' id='word_1_170' title='bbox 999 1024 1103 1066; x_wconf 76' lang='grc' dir='ltr'><em>θάψω·</em></span> 
     </span>
    </p>
   </div>
   <div class='ocr_carea' id='block_1_4' title="bbox 75 1099 1735 1599">
    <p class='ocr_par' dir='ltr' id='par_1_4' title="bbox 75 1099 1735 1599">
     <span class='ocr_line' id='line_1_18' title="bbox 205 1099 1734 1142; baseline -0.001 -10"><span class='ocrx_word' id='word_1_171' title='bbox 205 1100 364 1136; x_wconf 86' lang='lat' dir='ltr'><strong>Dativum</strong></span> <span class='ocrx_word' id='word_1_172' title='bbox 379 1102 474 1142; x_wconf 75' lang='grc' dir='ltr'><strong>θάψῳ</strong></span> <span class='ocrx_word' id='word_1_173' title='bbox 491 1103 615 1142; x_wconf 87' lang='lat' dir='ltr'><strong>primus</strong></span> <span class='ocrx_word' id='word_1_174' title='bbox 633 1103 667 1132; x_wconf 91' lang='lat' dir='ltr'><strong>in</strong></span> <span class='ocrx_word' id='word_1_175' title='bbox 688 1107 818 1141; x_wconf 89' lang='lat' dir='ltr'><strong>poetam</strong></span> <span class='ocrx_word' id='word_1_176' title='bbox 838 1100 952 1130; x_wconf 88' lang='lat' dir='ltr'><strong>intulit</strong></span> <span class='ocrx_word' id='word_1_177' title='bbox 968 1111 1012 1131; x_wconf 87' lang='lat' dir='ltr'><strong>ex</strong></span> <span class='ocrx_word' id='word_1_178' title='bbox 1030 1101 1217 1140; x_wconf 83' lang='lat' dir='ltr'><strong>conjectura</strong></span> <span class='ocrx_word' id='word_1_179' title='bbox 1230 1100 1273 1130; x_wconf 84' lang='lat'><strong>11.</strong></span> <span class='ocrx_word' id='word_1_180' title='bbox 1286 1099 1482 1139; x_wconf 83' lang='lat' dir='ltr'><strong>Stephanus,</strong></span> <span class='ocrx_word' id='word_1_181' title='bbox 1502 1111 1594 1139; x_wconf 86' lang='lat' dir='ltr'><strong>quem</strong></span> <span class='ocrx_word' id='word_1_182' title='bbox 1607 1100 1734 1132; x_wconf 86' lang='lat' dir='ltr'><strong>Meine-</strong></span> 
     </span>
     <span class='ocr_line' id='line_1_19' title="bbox 78 1156 1734 1199; baseline -0.001 -9"><span class='ocrx_word' id='word_1_183' title='bbox 78 1160 156 1190; x_wconf 87' lang='lat' dir='ltr'><strong>kius</strong></span> <span class='ocrx_word' id='word_1_184' title='bbox 175 1164 349 1199; x_wconf 89' lang='lat' dir='ltr'><strong>propterea</strong></span> <span class='ocrx_word' id='word_1_185' title='bbox 374 1162 529 1196; x_wconf 82' lang='lat' dir='ltr'><strong>sequutus</strong></span> <span class='ocrx_word' id='word_1_186' title='bbox 553 1162 615 1198; x_wconf 83' lang='lat' dir='ltr'><strong>est,</strong></span> <span class='ocrx_word' id='word_1_187' title='bbox 637 1158 721 1198; x_wconf 87' lang='lat' dir='ltr'><strong>quod</strong></span> <span class='ocrx_word' id='word_1_188' title='bbox 746 1158 909 1188; x_wconf 82' lang='lat' dir='ltr'><strong>adiectivo</strong></span> <span class='ocrx_word' id='word_1_189' title='bbox 932 1157 1027 1197; x_wconf 73' lang='grc' dir='ltr'><em>ὁμοῖος</em></span> <span class='ocrx_word' id='word_1_190' title='bbox 1048 1158 1132 1195; x_wconf 87' lang='lat' dir='ltr'><strong>apud</strong></span> <span class='ocrx_word' id='word_1_191' title='bbox 1156 1156 1367 1188; x_wconf 79' lang='lat' dir='ltr'><strong>Theocritum</strong></span> <span class='ocrx_word' id='word_1_192' title='bbox 1389 1164 1580 1188; x_wconf 85' lang='lat' dir='ltr'><strong>constantur</strong></span> <span class='ocrx_word' id='word_1_193' title='bbox 1600 1158 1734 1189; x_wconf 81' lang='lat' dir='ltr'><strong>dativus</strong></span> 
     </span>
     <span class='ocr_line' id='line_1_20' title="bbox 78 1214 1735 1258; baseline -0.001 -10"><span class='ocrx_word' id='word_1_194' title='bbox 78 1218 285 1258; x_wconf 87' lang='lat' dir='ltr'><strong>adjungatur.</strong></span> <span class='ocrx_word' id='word_1_195' title='bbox 333 1214 454 1245; x_wconf 90' lang='lat' dir='ltr'><strong>Verum</strong></span> <span class='ocrx_word' id='word_1_196' title='bbox 492 1222 597 1247; x_wconf 85' lang='lat' dir='ltr'><strong>tamen</strong></span> <span class='ocrx_word' id='word_1_197' title='bbox 628 1216 769 1246; x_wconf 90' lang='lat' dir='ltr'><strong>nondum</strong></span> <span class='ocrx_word' id='word_1_198' title='bbox 799 1215 1033 1254; x_wconf 84' lang='lat' dir='ltr'><strong>repudiandam</strong></span> <span class='ocrx_word' id='word_1_199' title='bbox 1064 1225 1139 1245; x_wconf 87' lang='lat' dir='ltr'><strong>esse</strong></span> <span class='ocrx_word' id='word_1_200' title='bbox 1172 1217 1315 1245; x_wconf 90' lang='lat' dir='ltr'><strong>omnium</strong></span> <span class='ocrx_word' id='word_1_201' title='bbox 1346 1215 1507 1246; x_wconf 89' lang='lat' dir='ltr'><strong>librorum</strong></span> <span class='ocrx_word' id='word_1_202' title='bbox 1538 1218 1735 1258; x_wconf 81' lang='lat' dir='ltr'><strong>scripturam</strong></span> 
     </span>
     <span class='ocr_line' id='line_1_21' title="bbox 77 1271 1732 1316; baseline -0.001 -11"><span class='ocrx_word' id='word_1_203' title='bbox 77 1274 273 1316; x_wconf 83' lang='lat' dir='ltr'><strong>putaverim,</strong></span> <span class='ocrx_word' id='word_1_204' title='bbox 297 1272 415 1312; x_wconf 86' lang='lat' dir='ltr'><strong>partim</strong></span> <span class='ocrx_word' id='word_1_205' title='bbox 437 1283 535 1313; x_wconf 91' lang='lat' dir='ltr'><strong>quum</strong></span> <span class='ocrx_word' id='word_1_206' title='bbox 558 1274 655 1303; x_wconf 84' lang='lat' dir='ltr'><strong>etiam</strong></span> <span class='ocrx_word' id='word_1_207' title='bbox 676 1273 867 1313; x_wconf 80' lang='lat' dir='ltr'><strong>praepositio</strong></span> <span class='ocrx_word' id='word_1_208' title='bbox 890 1271 955 1304; x_wconf 77' lang='lat' dir='ltr'><strong>mni</strong></span> <span class='ocrx_word' id='word_1_209' title='bbox 972 1271 1048 1302; x_wconf 90' lang='lat' dir='ltr'><strong>huic</strong></span> <span class='ocrx_word' id='word_1_210' title='bbox 1066 1272 1228 1312; x_wconf 84' lang='lat' dir='ltr'><strong>adjectivo</strong></span> <span class='ocrx_word' id='word_1_211' title='bbox 1249 1272 1402 1312; x_wconf 78' lang='lat' dir='ltr'><strong>adjuncta</strong></span> <span class='ocrx_word' id='word_1_212' title='bbox 1423 1274 1628 1304; x_wconf 86' lang='lat' dir='ltr'><strong>inveniatur:</strong></span> <span class='ocrx_word' id='word_1_213' title='bbox 1649 1272 1732 1312; x_wconf 83' lang='lat' dir='ltr'><strong>XV,</strong></span> 
     </span>
     <span class='ocr_line' id='line_1_22' title="bbox 79 1328 1732 1370; baseline 0.002 -12"><span class='ocrx_word' id='word_1_214' title='bbox 79 1333 150 1370; x_wconf 59' lang='lat'><strong>10„</strong></span> <span class='ocrx_word' id='word_1_215' title='bbox 179 1330 296 1368; x_wconf 87' lang='lat' dir='ltr'><strong>partim</strong></span> <span class='ocrx_word' id='word_1_216' title='bbox 319 1339 416 1367; x_wconf 91' lang='lat' dir='ltr'><strong>quum</strong></span> <span class='ocrx_word' id='word_1_217' title='bbox 445 1330 601 1368; x_wconf 72' lang='lat' dir='ltr'><strong>partitiva</strong></span> <span class='ocrx_word' id='word_1_218' title='bbox 623 1330 769 1370; x_wconf 81' lang='lat' dir='ltr'><strong>quaedam</strong></span> <span class='ocrx_word' id='word_1_219' title='bbox 797 1330 887 1360; x_wconf 84' lang='lat' dir='ltr'><strong>notio</strong></span> <span class='ocrx_word' id='word_1_220' title='bbox 909 1329 985 1360; x_wconf 91' lang='lat' dir='ltr'><strong>huic</strong></span> <span class='ocrx_word' id='word_1_221' title='bbox 1015 1328 1088 1359; x_wconf 91' lang='lat' dir='ltr'><strong>loco</strong></span> <span class='ocrx_word' id='word_1_222' title='bbox 1111 1329 1216 1370; x_wconf 81' lang='lat' dir='ltr'><strong>magis</strong></span> <span class='ocrx_word' id='word_1_223' title='bbox 1241 1332 1416 1359; x_wconf 85' lang='lat' dir='ltr'><strong>convenire</strong></span> <span class='ocrx_word' id='word_1_224' title='bbox 1439 1330 1601 1361; x_wconf 78' lang='lat' dir='ltr'><strong>videatur.</strong></span> <span class='ocrx_word' id='word_1_225' title='bbox 1645 1329 1732 1361; x_wconf 87' lang='lat' dir='ltr'><strong>Nam</strong></span> 
     </span>
     <span class='ocr_line' id='line_1_23' title="bbox 75 1385 1732 1428; baseline -0.001 -10"><span class='ocrx_word' id='word_1_226' title='bbox 75 1386 237 1425; x_wconf 65' lang='lat' dir='ltr'><strong>,Simaetha</strong></span> <span class='ocrx_word' id='word_1_227' title='bbox 258 1385 505 1427; x_wconf 87' lang='lat' dir='ltr'><strong>perturbatione</strong></span> <span class='ocrx_word' id='word_1_228' title='bbox 525 1387 624 1416; x_wconf 90' lang='lat' dir='ltr'><strong>animi</strong></span> <span class='ocrx_word' id='word_1_229' title='bbox 648 1392 718 1416; x_wconf 86' lang='lat' dir='ltr'><strong>erat</strong></span> <span class='ocrx_word' id='word_1_230' title='bbox 740 1387 859 1417; x_wconf 83' lang='lat' dir='ltr'><strong>affecta</strong></span> <span class='ocrx_word' id='word_1_231' title='bbox 882 1393 914 1417; x_wconf 89' lang='lat' dir='ltr'><strong>et</strong></span> <span class='ocrx_word' id='word_1_232' title='bbox 937 1386 1061 1417; x_wconf 84' lang='lat' dir='ltr'><strong>febri&#39;</strong></span> <span class='ocrx_word' id='word_1_233' title='bbox 1075 1392 1203 1416; x_wconf 87' lang='lat' dir='ltr'><strong>acuta</strong></span> <span class='ocrx_word' id='word_1_234' title='bbox 1226 1386 1353 1428; x_wconf 83' lang='grc' dir='ltr'><em>(καπυρὰ</em></span> <span class='ocrx_word' id='word_1_235' title='bbox 1373 1387 1467 1427; x_wconf 72' lang='grc' dir='ltr'>νόσος)</span> <span class='ocrx_word' id='word_1_236' title='bbox 1490 1386 1673 1426; x_wconf 88' lang='lat' dir='ltr'><strong>laborabat,</strong></span> <span class='ocrx_word' id='word_1_237' title='bbox 1697 1389 1732 1418; x_wconf 88' lang='lat' dir='ltr'><strong>in</strong></span> 
     </span>
     <span class='ocr_line' id='line_1_24' title="bbox 79 1442 1733 1486; baseline 0.001 -12"><span class='ocrx_word' id='word_1_238' title='bbox 79 1455 143 1486; x_wconf 85' lang='lat' dir='ltr'><strong>quo</strong></span> <span class='ocrx_word' id='word_1_239' title='bbox 169 1442 281 1473; x_wconf 91' lang='lat' dir='ltr'><strong>morbo</strong></span> <span class='ocrx_word' id='word_1_240' title='bbox 304 1442 393 1473; x_wconf 91' lang='lat' dir='ltr'><strong>color</strong></span> <span class='ocrx_word' id='word_1_241' title='bbox 419 1443 517 1473; x_wconf 86' lang='lat' dir='ltr'><strong>faciei</strong></span> <span class='ocrx_word' id='word_1_242' title='bbox 540 1453 628 1484; x_wconf 66' lang='lat' dir='ltr'><strong>saepe</strong></span> <span class='ocrx_word' id='word_1_243' title='bbox 650 1450 812 1482; x_wconf 88' lang='lat' dir='ltr'><strong>mutatur,</strong></span> <span class='ocrx_word' id='word_1_244' title='bbox 843 1451 1036 1486; x_wconf 85' lang='lat' dir='ltr'><strong>quapropter</strong></span> <span class='ocrx_word' id='word_1_245' title='bbox 1063 1445 1161 1474; x_wconf 78' lang='lat' dir='ltr'><strong>etiam</strong></span> <span class='ocrx_word' id='word_1_246' title='bbox 1183 1443 1302 1475; x_wconf 75' lang='grc' dir='ltr'><em>πολλάκι</em></span> <span class='ocrx_word' id='word_1_247' title='bbox 1329 1444 1462 1485; x_wconf 83' lang='lat' dir='ltr'><strong>vulgari</strong></span> <span class='ocrx_word' id='word_1_248' title='bbox 1486 1443 1733 1484; x_wconf 80' lang='lat' dir='ltr'><strong>significatione</strong></span> 
     </span>
     <span class='ocr_line' id='line_1_25' title="bbox 78 1499 1735 1541; baseline 0.001 -10"><span class='ocrx_word' id='word_1_249' title='bbox 78 1502 219 1541; x_wconf 87' lang='lat' dir='ltr'><strong>positum</strong></span> <span class='ocrx_word' id='word_1_250' title='bbox 242 1510 316 1530; x_wconf 87' lang='lat' dir='ltr'><strong>esse</strong></span> <span class='ocrx_word' id='word_1_251' title='bbox 339 1500 505 1529; x_wconf 81' lang='lat' dir='ltr'><strong>existimo.</strong></span> <span class='ocrx_word' id='word_1_252' title='bbox 531 1499 722 1530; x_wconf 86' lang='lat' dir='ltr'><strong>Genitivum</strong></span> <span class='ocrx_word' id='word_1_253' title='bbox 746 1501 844 1530; x_wconf 87' lang='lat' dir='ltr'><strong>etiam</strong></span> <span class='ocrx_word' id='word_1_254' title='bbox 867 1500 981 1539; x_wconf 86' lang='lat' dir='ltr'><strong>probat</strong></span> <span class='ocrx_word' id='word_1_255' title='bbox 1002 1501 1163 1538; x_wconf 83' lang='lat' dir='ltr'><strong>Spitzner.</strong></span> <span class='ocrx_word' id='word_1_256' title='bbox 1188 1500 1271 1530; x_wconf 83' lang='lat' dir='ltr'><strong>Exc.</strong></span> <span class='ocrx_word' id='word_1_257' title='bbox 1294 1500 1417 1530; x_wconf 77' lang='lat' dir='ltr'><strong>xxvl</strong></span> <span class='ocrx_word' id='word_1_258' title='bbox 1441 1502 1474 1530; x_wconf 89' lang='lat' dir='ltr'><strong>in</strong></span> <span class='ocrx_word' id='word_1_259' title='bbox 1499 1500 1539 1530; x_wconf 87' lang='grc'><strong>11.</strong></span> <span class='ocrx_word' id='word_1_260' title='bbox 1561 1512 1591 1539; x_wconf 85' lang='lat' dir='ltr'><strong>p.</strong></span> <span class='ocrx_word' id='word_1_261' title='bbox 1615 1500 1671 1533; x_wconf 78' lang='lat' dir='ltr'><strong>IL.</strong></span> <span class='ocrx_word' id='word_1_262' title='bbox 1692 1520 1735 1525; x_wconf 90' lang='lat'><strong>——</strong></span> 
     </span>
     <span class='ocr_line' id='line_1_26' title="bbox 77 1555 1547 1599; baseline -0.001 -8"><span class='ocrx_word' id='word_1_263' title='bbox 77 1568 115 1592; x_wconf 56' lang='grc' dir='ltr'><strong>λ’.</strong></span> <span class='ocrx_word' id='word_1_264' title='bbox 139 1560 191 1590; x_wconf 84' lang='grc'><strong>89.</strong></span> <span class='ocrx_word' id='word_1_265' title='bbox 216 1555 344 1588; x_wconf 85' lang='lat' dir='ltr'><strong>Similis</strong></span> <span class='ocrx_word' id='word_1_266' title='bbox 367 1555 489 1587; x_wconf 91' lang='lat' dir='ltr'><strong>coloris</strong></span> <span class='ocrx_word' id='word_1_267' title='bbox 511 1562 562 1587; x_wconf 87' lang='lat' dir='ltr'><strong>est</strong></span> <span class='ocrx_word' id='word_1_268' title='bbox 582 1555 693 1594; x_wconf 86' lang='lat' dir='ltr'><strong>Apoll.</strong></span> <span class='ocrx_word' id='word_1_269' title='bbox 718 1556 825 1588; x_wconf 87' lang='lat' dir='ltr'><strong>Rhod.</strong></span> <span class='ocrx_word' id='word_1_270' title='bbox 847 1556 889 1596; x_wconf 89' lang='grc' dir='ltr'><strong>Π,</strong></span> <span class='ocrx_word' id='word_1_271' title='bbox 910 1559 983 1589; x_wconf 76' lang='lat'>201.</span> <span class='ocrx_word' id='word_1_272' title='bbox 1006 1556 1075 1599; x_wconf 71' lang='grc' dir='ltr'><em>ῥινοὶ</em></span> <span class='ocrx_word' id='word_1_273' title='bbox 1096 1556 1125 1589; x_wconf 78' lang='grc' dir='ltr'><strong>δὲ</strong></span> <span class='ocrx_word' id='word_1_274' title='bbox 1146 1556 1196 1589; x_wconf 72' lang='grc' dir='ltr'><strong>σὺν</strong></span> <span class='ocrx_word' id='word_1_275' title='bbox 1217 1557 1302 1589; x_wconf 77' lang='grc' dir='ltr'><strong><em>ὀστέα</em></strong></span> <span class='ocrx_word' id='word_1_276' title='bbox 1322 1560 1426 1597; x_wconf 75' lang='grc' dir='ltr'>μοῦνον</span> <span class='ocrx_word' id='word_1_277' title='bbox 1447 1556 1547 1599; x_wconf 70' lang='grc' dir='ltr'><strong><em>ἔεργον.</em></strong></span> 
     </span>
    </p>
   </div>
   <div class='ocr_carea' id='block_1_5' title="bbox 162 1645 1166 1689">
    <p class='ocr_par' dir='ltr' id='par_1_5' title="bbox 162 1645 1166 1689">
     <span class='ocr_line' id='line_1_27' title="bbox 162 1645 1166 1689; baseline -0.002 -9"><span class='ocrx_word' id='word_1_278' title='bbox 162 1647 208 1680; x_wconf 76' lang='lat' dir='ltr'><strong>V·</strong></span> <span class='ocrx_word' id='word_1_279' title='bbox 230 1649 301 1681; x_wconf 73' lang='lat'><strong>112.</strong></span> <span class='ocrx_word' id='word_1_280' title='bbox 343 1645 391 1678; x_wconf 77' lang='grc' dir='ltr'><strong>καὶ</strong></span> <span class='ocrx_word' id='word_1_281' title='bbox 411 1646 438 1687; x_wconf 86' lang='grc' dir='ltr'><strong>μ’</strong></span> <span class='ocrx_word' id='word_1_282' title='bbox 450 1645 547 1678; x_wconf 77' lang='grc' dir='ltr'><strong><em>ἐσιδὼν</em></strong></span> <span class='ocrx_word' id='word_1_283' title='bbox 568 1645 715 1688; x_wconf 74' lang='grc' dir='ltr'><strong><em>ὥστοργος,</em></strong></span> <span class='ocrx_word' id='word_1_284' title='bbox 736 1646 781 1680; x_wconf 76' lang='grc' dir='ltr'><strong>ἐπὶ</strong></span> <span class='ocrx_word' id='word_1_285' title='bbox 801 1647 909 1689; x_wconf 76' lang='grc' dir='ltr'><strong><em>χθονὸς</em></strong></span> <span class='ocrx_word' id='word_1_286' title='bbox 929 1646 1045 1688; x_wconf 78' lang='grc' dir='ltr'><strong><em>ὄμματα</em></strong></span> <span class='ocrx_word' id='word_1_287' title='bbox 1065 1648 1166 1688; x_wconf 67' lang='grc' dir='ltr'><em>πήξας,</em></span> 
     </span>
    </p>
   </div>
   <div class='ocr_carea' id='block_1_6' title="bbox 79 1720 1733 2166">
    <p class='ocr_par' dir='ltr' id='par_1_6' title="bbox 79 1720 1733 2166">
     <span class='ocr_line' id='line_1_28' title="bbox 163 1720 1733 1763; baseline 0.001 -9"><span class='ocrx_word' id='word_1_288' title='bbox 163 1722 260 1754; x_wconf 87' lang='lat' dir='ltr'><strong>Hunc</strong></span> <span class='ocrx_word' id='word_1_289' title='bbox 288 1721 396 1752; x_wconf 82' lang='lat' dir='ltr'><strong>locum</strong></span> <span class='ocrx_word' id='word_1_290' title='bbox 421 1720 520 1762; x_wconf 89' lang='lat' dir='ltr'><strong>plane</strong></span> <span class='ocrx_word' id='word_1_291' title='bbox 549 1722 694 1762; x_wconf 86' lang='lat' dir='ltr'><strong>ineptum</strong></span> <span class='ocrx_word' id='word_1_292' title='bbox 726 1721 807 1751; x_wconf 84' lang='lat' dir='ltr'><strong>dicit</strong></span> <span class='ocrx_word' id='word_1_293' title='bbox 833 1721 999 1753; x_wconf 84' lang='lat' dir='ltr'><strong>Greverus</strong></span> <span class='ocrx_word' id='word_1_294' title='bbox 1033 1722 1167 1763; x_wconf 78' lang='lat' dir='ltr'><strong>(Klee&#39;ne</strong></span> <span class='ocrx_word' id='word_1_295' title='bbox 1190 1722 1346 1763; x_wconf 69' lang='lat' dir='ltr'><strong>Beitriige</strong></span> <span class='ocrx_word' id='word_1_296' title='bbox 1377 1732 1407 1761; x_wconf 79' lang='grc' dir='ltr'><strong>Ρ.</strong></span> <span class='ocrx_word' id='word_1_297' title='bbox 1437 1722 1521 1762; x_wconf 78' lang='lat'><strong><em>39.)‚</em></strong></span> <span class='ocrx_word' id='word_1_298' title='bbox 1542 1723 1636 1763; x_wconf 86' lang='lat' dir='ltr'><strong>cujus</strong></span> <span class='ocrx_word' id='word_1_299' title='bbox 1660 1724 1733 1762; x_wconf 82' lang='lat' dir='ltr'><strong>ipsa</strong></span> 
     </span>
     <span class='ocr_line' id='line_1_29' title="bbox 79 1778 1733 1820; baseline 0.001 -11"><span class='ocrx_word' id='word_1_300' title='bbox 79 1778 181 1818; x_wconf 65' lang='lat' dir='ltr'><strong>yerba</strong></span> <span class='ocrx_word' id='word_1_301' title='bbox 202 1789 243 1809; x_wconf 84' lang='lat' dir='ltr'><strong>ne</strong></span> <span class='ocrx_word' id='word_1_302' title='bbox 266 1783 457 1820; x_wconf 84' lang='lat' dir='ltr'><strong>argumenta</strong></span> <span class='ocrx_word' id='word_1_303' title='bbox 489 1778 669 1818; x_wconf 85' lang='lat' dir='ltr'><strong>infringere</strong></span> <span class='ocrx_word' id='word_1_304' title='bbox 697 1778 810 1809; x_wconf 84' lang='lat' dir='ltr'><strong>videar</strong></span> <span class='ocrx_word' id='word_1_305' title='bbox 833 1779 1036 1810; x_wconf 85' lang='lat' dir='ltr'><strong>adscribam:</strong></span> <span class='ocrx_word' id='word_1_306' title='bbox 1060 1783 1123 1818; x_wconf 71' lang='lat' dir='ltr'><strong>„ist</strong></span> <span class='ocrx_word' id='word_1_307' title='bbox 1143 1781 1298 1812; x_wconf 62' lang='lat' dir='ltr'><strong>darc-lmus</strong></span> <span class='ocrx_word' id='word_1_308' title='bbox 1327 1779 1412 1809; x_wconf 79' lang='lat' dir='ltr'><strong>m&#39;clet</strong></span> <span class='ocrx_word' id='word_1_309' title='bbox 1438 1781 1589 1818; x_wconf 65' lang='grc' dir='ltr'><strong><em>ηιοΙίι-ἡί,</em></strong></span> <span class='ocrx_word' id='word_1_310' title='bbox 1610 1782 1654 1820; x_wconf 84' lang='lat' dir='ltr'><strong>ja</strong></span> <span class='ocrx_word' id='word_1_311' title='bbox 1669 1783 1733 1819; x_wconf 78' lang='lat' dir='ltr'><strong>fiir</strong></span> 
     </span>
     <span class='ocr_line' id='line_1_30' title="bbox 79 1833 1731 1877; baseline 0.001 -10"><span class='ocrx_word' id='word_1_312' title='bbox 79 1836 141 1867; x_wconf 81' lang='lat' dir='ltr'><strong>den</strong></span> <span class='ocrx_word' id='word_1_313' title='bbox 161 1833 317 1876; x_wconf 64' lang='lat' dir='ltr'><em>Jzzngling</em></span> <span class='ocrx_word' id='word_1_314' title='bbox 339 1836 458 1873; x_wconf 73' lang='lat' dir='ltr'><strong>alberte,</strong></span> <span class='ocrx_word' id='word_1_315' title='bbox 479 1836 543 1866; x_wconf 74' lang='lat' dir='ltr'><strong>und</strong></span> <span class='ocrx_word' id='word_1_316' title='bbox 567 1846 626 1865; x_wconf 82' lang='lat' dir='ltr'><strong>um·</strong></span> <span class='ocrx_word' id='word_1_317' title='bbox 638 1837 702 1874; x_wconf 79' lang='lat' dir='ltr'><strong>fic&#39;r</strong></span> <span class='ocrx_word' id='word_1_318' title='bbox 721 1836 780 1866; x_wconf 72' lang='lat' dir='ltr'><strong>das</strong></span> <span class='ocrx_word' id='word_1_319' title='bbox 808 1835 1144 1877; x_wconf 65' lang='lat' dir='ltr'><strong>,llliidclzen-passend,</strong></span> <span class='ocrx_word' id='word_1_320' title='bbox 1176 1837 1307 1868; x_wconf 68' lang='lat' dir='ltr'><strong>welches·</strong></span> <span class='ocrx_word' id='word_1_321' title='bbox 1328 1836 1392 1866; x_wconf 82' lang='lat' dir='ltr'><strong>alle</strong></span> <span class='ocrx_word' id='word_1_322' title='bbox 1413 1835 1549 1867; x_wconf 70' lang='lat' dir='ltr'><strong>Zee&#39;clten</strong></span> <span class='ocrx_word' id='word_1_323' title='bbox 1568 1848 1628 1868; x_wconf 78' lang='lat' dir='ltr'><strong>von</strong></span> <span class='ocrx_word' id='word_1_324' title='bbox 1655 1838 1684 1869; x_wconf 77' lang='lat' dir='ltr'><em>V</em></span> <span class='ocrx_word' id='word_1_325' title='bbox 1718 1857 1731 1864; x_wconf 88' lang='lat'>-</span> 
     </span>
     <span class='ocr_line' id='line_1_31' title="bbox 80 1891 1732 1935; baseline 0.001 -11"><span class='ocrx_word' id='word_1_326' title='bbox 80 1891 246 1934; x_wconf 55' lang='lat' dir='ltr'><strong>Iegenlteiss</strong></span> <span class='ocrx_word' id='word_1_327' title='bbox 272 1895 331 1923; x_wconf 75' lang='lat' dir='ltr'><strong>wie</strong></span> <span class='ocrx_word' id='word_1_328' title='bbox 349 1895 395 1923; x_wconf 71' lang='lat' dir='ltr'><strong>sie</strong></span> <span class='ocrx_word' id='word_1_329' title='bbox 414 1894 466 1924; x_wconf 74' lang='lat' dir='ltr'><strong>die</strong></span> <span class='ocrx_word' id='word_1_330' title='bbox 493 1892 753 1934; x_wconf 71' lang='lat' dir='ltr'><strong>Uebermsclmng</strong></span> <span class='ocrx_word' id='word_1_331' title='bbox 773 1893 837 1924; x_wconf 80' lang='lat' dir='ltr'><strong>und</strong></span> <span class='ocrx_word' id='word_1_332' title='bbox 856 1892 1024 1934; x_wconf 31' lang='lat' dir='ltr'><strong>zmgelafoffl</strong></span> <span class='ocrx_word' id='word_1_333' title='bbox 1044 1894 1182 1925; x_wconf 77' lang='lat' dir='ltr'><strong>selmelle</strong></span> <span class='ocrx_word' id='word_1_334' title='bbox 1203 1893 1378 1934; x_wconf 59' lang='lat' dir='ltr'><strong>ch&#39;iillung</strong></span> <span class='ocrx_word' id='word_1_335' title='bbox 1397 1895 1485 1924; x_wconf 74' lang='lat' dir='ltr'><strong>einer</strong></span> <span class='ocrx_word' id='word_1_336' title='bbox 1506 1898 1617 1926; x_wconf 70' lang='lat' dir='ltr'><strong>siissen</strong></span> <span class='ocrx_word' id='word_1_337' title='bbox 1632 1894 1732 1935; x_wconf 87' lang='lat' dir='ltr'><strong>Hoff-</strong></span> 
     </span>
     <span class='ocr_line' id='line_1_32' title="bbox 79 1948 1729 1993; baseline 0.002 -13"><span class='ocrx_word' id='word_1_338' title='bbox 79 1959 165 1990; x_wconf 78' lang='lat' dir='ltr'><strong>mng</strong></span> <span class='ocrx_word' id='word_1_339' title='bbox 184 1948 383 1988; x_wconf 68' lang='grc' dir='ltr'><strong>ΙιενόειγῒῖΙινΙ,</strong></span> <span class='ocrx_word' id='word_1_340' title='bbox 404 1950 522 1981; x_wconf 75' lang='lat' dir='ltr'><strong>blicken</strong></span> <span class='ocrx_word' id='word_1_341' title='bbox 543 1951 626 1982; x_wconf 72' lang='lat' dir='ltr'><strong>lz&#39;ess.</strong></span> <span class='ocrx_word' id='word_1_342' title='bbox 668 1969 710 1975; x_wconf 85' lang='lat'><strong>—</strong></span> <span class='ocrx_word' id='word_1_343' title='bbox 751 1968 793 1973; x_wconf 88' lang='lat'><strong>--</strong></span> <span class='ocrx_word' id='word_1_344' title='bbox 832 1969 875 1974; x_wconf 92' lang='lat'><strong>—</strong></span> <span class='ocrx_word' id='word_1_345' title='bbox 914 1951 1012 1990; x_wconf 60' lang='lat' dir='ltr'><strong>siber,</strong></span> <span class='ocrx_word' id='word_1_346' title='bbox 1033 1952 1111 1982; x_wconf 73' lang='lat' dir='ltr'><strong>nack</strong></span> <span class='ocrx_word' id='word_1_347' title='bbox 1133 1953 1317 1983; x_wconf 78' lang='lat' dir='ltr'><strong>seltsamer!</strong></span> <span class='ocrx_word' id='word_1_348' title='bbox 1339 1962 1375 1982; x_wconf 85' lang='lat' dir='ltr'><strong>er</strong></span> <span class='ocrx_word' id='word_1_349' title='bbox 1396 1951 1525 1992; x_wconf 65' lang='lat' dir='ltr'><strong>sclaliigt</strong></span> <span class='ocrx_word' id='word_1_350' title='bbox 1544 1953 1596 1983; x_wconf 77' lang='lat' dir='ltr'><strong>die</strong></span> <span class='ocrx_word' id='word_1_351' title='bbox 1615 1952 1729 1993; x_wconf 70' lang='lat' dir='ltr'><strong>Augen</strong></span> 
     </span>
     <span class='ocr_line' id='line_1_33' title="bbox 79 2006 1729 2051; baseline 0.002 -15"><span class='ocrx_word' id='word_1_352' title='bbox 79 2006 198 2050; x_wconf 62' lang='lat' dir='ltr'><strong>ateder,</strong></span> <span class='ocrx_word' id='word_1_353' title='bbox 221 2006 369 2037; x_wconf 77' lang='lat' dir='ltr'><strong>nachdem</strong></span> <span class='ocrx_word' id='word_1_354' title='bbox 391 2017 427 2037; x_wconf 82' lang='lat' dir='ltr'><strong>er</strong></span> <span class='ocrx_word' id='word_1_355' title='bbox 448 2008 507 2038; x_wconf 75' lang='lat' dir='ltr'><strong>das</strong></span> <span class='ocrx_word' id='word_1_356' title='bbox 528 2007 692 2039; x_wconf 66' lang='lat' dir='ltr'><strong>Madchen</strong></span> <span class='ocrx_word' id='word_1_357' title='bbox 716 2007 808 2039; x_wconf 72' lang='lat' dir='ltr'><strong>echon</strong></span> <span class='ocrx_word' id='word_1_358' title='bbox 827 2008 850 2039; x_wconf 88' lang='lat' dir='ltr'><em>d</em></span> <span class='ocrx_word' id='word_1_359' title='bbox 856 2012 962 2039; x_wconf 73' lang='lat' dir='ltr'><strong>reis!</strong></span> <span class='ocrx_word' id='word_1_360' title='bbox 983 2009 1159 2051; x_wconf 69' lang='lat' dir='ltr'><strong>angeselaen</strong></span> <span class='ocrx_word' id='word_1_361' title='bbox 1180 2009 1244 2045; x_wconf 77' lang='lat' dir='ltr'><strong>hut,</strong></span> <span class='ocrx_word' id='word_1_362' title='bbox 1264 2009 1341 2039; x_wconf 83' lang='lat' dir='ltr'><strong>oder</strong></span> <span class='ocrx_word' id='word_1_363' title='bbox 1360 2010 1508 2040; x_wconf 76' lang='lat' dir='ltr'><strong>vielmelcr</strong></span> <span class='ocrx_word' id='word_1_364' title='bbox 1530 2020 1566 2040; x_wconf 82' lang='lat' dir='ltr'><strong>er</strong></span> <span class='ocrx_word' id='word_1_365' title='bbox 1584 2009 1653 2043; x_wconf 77' lang='lat' dir='ltr'><strong>that</strong></span> <span class='ocrx_word' id='word_1_366' title='bbox 1666 2009 1729 2041; x_wconf 69' lang='lat' dir='ltr'><strong>bet·-</strong></span> 
     </span>
     <span class='ocr_line' id='line_1_34' title="bbox 80 2062 1730 2108; baseline 0.004 -16"><span class='ocrx_word' id='word_1_367' title='bbox 80 2062 136 2101; x_wconf 66' lang='lat' dir='ltr'><strong>des</strong></span> <span class='ocrx_word' id='word_1_368' title='bbox 155 2073 201 2093; x_wconf 81' lang='lat' dir='ltr'><strong>zu</strong></span> <span class='ocrx_word' id='word_1_369' title='bbox 220 2062 419 2103; x_wconf 73' lang='lat' dir='ltr'><strong>gleiclwr</strong></span> <span class='ocrx_word' id='word_1_370' title='bbox 441 2063 493 2095; x_wconf 89' lang='lat' dir='ltr'><strong>Ze</strong></span> <span class='ocrx_word' id='word_1_371' title='bbox 503 2067 517 2095; x_wconf 81' lang='lat' dir='ltr'><em>i</em></span> <span class='ocrx_word' id='word_1_372' title='bbox 523 2070 537 2095; x_wconf 83' lang='lat' dir='ltr'><strong>t</strong></span> <span class='ocrx_word' id='word_1_373' title='bbox 545 2087 555 2103; x_wconf 88' lang='lat'><strong>,</strong></span> <span class='ocrx_word' id='word_1_374' title='bbox 576 2066 708 2097; x_wconf 67' lang='lat' dir='ltr'><strong>welches·</strong></span> <span class='ocrx_word' id='word_1_375' title='bbox 729 2065 904 2107; x_wconf 62' lang='lat' dir='ltr'><strong>unmiigltclo</strong></span> <span class='ocrx_word' id='word_1_376' title='bbox 925 2070 995 2098; x_wconf 60' lang='lat' dir='ltr'><strong>ism</strong></span> <span class='ocrx_word' id='word_1_377' title='bbox 1015 2066 1126 2108; x_wconf 81' lang='lat' dir='ltr'><strong>Itaque</strong></span> <span class='ocrx_word' id='word_1_378' title='bbox 1147 2073 1329 2105; x_wconf 83' lang='lat' dir='ltr'><strong>corruptam</strong></span> <span class='ocrx_word' id='word_1_379' title='bbox 1350 2078 1425 2098; x_wconf 87' lang='lat' dir='ltr'><strong>esse</strong></span> <span class='ocrx_word' id='word_1_380' title='bbox 1443 2070 1535 2108; x_wconf 87' lang='lat' dir='ltr'><strong>putat</strong></span> <span class='ocrx_word' id='word_1_381' title='bbox 1550 2067 1730 2098; x_wconf 84' lang='lat' dir='ltr'><strong>orationem</strong></span> 
     </span>
     <span class='ocr_line' id='line_1_35' title="bbox 81 2111 1730 2166; baseline 0.004 -15"><span class='ocrx_word' id='word_1_382' title='bbox 81 2111 280 2159; x_wconf 72' lang='lat' dir='ltr'><strong>contextam,</strong></span> <span class='ocrx_word' id='word_1_383' title='bbox 303 2121 338 2151; x_wconf 90' lang='lat' dir='ltr'><strong>in</strong></span> <span class='ocrx_word' id='word_1_384' title='bbox 360 2132 454 2161; x_wconf 85' lang='lat' dir='ltr'><strong>quam</strong></span> <span class='ocrx_word' id='word_1_385' title='bbox 476 2122 695 2155; x_wconf 82' lang='lat' dir='ltr'><strong>audacissime</strong></span> <span class='ocrx_word' id='word_1_386' title='bbox 717 2130 898 2166; x_wconf 84' lang='lat' dir='ltr'><strong>grassatur.</strong></span> <span class='ocrx_word' id='word_1_387' title='bbox 932 2124 1000 2155; x_wconf 88' lang='lat' dir='ltr'><strong>Sed</strong></span> <span class='ocrx_word' id='word_1_388' title='bbox 1020 2125 1055 2155; x_wconf 88' lang='lat' dir='ltr'><strong>id</strong></span> <span class='ocrx_word' id='word_1_389' title='bbox 1077 2135 1194 2162; x_wconf 80' lang='lat' dir='ltr'><strong>vereor</strong></span> <span class='ocrx_word' id='word_1_390' title='bbox 1215 2131 1253 2156; x_wconf 91' lang='lat' dir='ltr'><strong>ut</strong></span> <span class='ocrx_word' id='word_1_391' title='bbox 1272 2125 1316 2156; x_wconf 88' lang='lat' dir='ltr'><strong>iis</strong></span> <span class='ocrx_word' id='word_1_392' title='bbox 1338 2125 1543 2165; x_wconf 81' lang='lat' dir='ltr'><strong>persuadeat,</strong></span> <span class='ocrx_word' id='word_1_393' title='bbox 1566 2124 1623 2163; x_wconf 83' lang='lat' dir='ltr'><strong>qui</strong></span> <span class='ocrx_word' id='word_1_394' title='bbox 1642 2123 1730 2158; x_wconf 81' lang='lat' dir='ltr'><strong>huuc</strong></span> 
     </span>
    </p>
   </div>
  </div>
 </body>
</html>
