1872 2345
811 65 1066 105 ...Μ-.-

105 157 142 188 si
166 166 245 187 vere
277 152 485 187 scribendum
506 157 616 193 esset,
641 153 896 186 ..desideraretur
927 160 1003 187 ante
1028 154 1140 198 χρύσεοι
1161 154 1281 187 vocula
1302 157 1352 196 τῷ,
1375 163 1471 196 quam
1491 162 1580 189 certe
1602 159 1776 201 posuisset

106 210 288 243 Homerus.
312 225 354 232 -—-
383 208 406 239 κ’
428 206 597 246 ἀνεκείμεθα
624 206 779 240 collocati
809 208 880 239 sive
913 208 1057 243 dedicati
1093 219 1241 240 essemus
1269 208 1301 240 h.
1336 220 1366 240 e.
1402 210 1570 242 faciendas
1601 212 1777 253 utriusque

109 268 258 293 nostrum
279 266 406 291 statuas
424 270 613 290 curaremus
637 267 669 291 et
687 270 951 292 consecraremus
974 259 1109 293 Veneri.
1140 260 1254 293 Verbo
1284 261 1409 293 similia
1431 264 1612 302 comparari
1634 267 1776 303 possunt

113 314 232 344 haecce
256 312 472 343 Theocritea:
493 311 609 351 XVII,
630 315 706 345 125:
750 312 862 353 ἵδρυσεν.
883 311 1018 352 XXIII,
1037 314 1095 346 59:
1137 312 1243 346 ἵστατο.
1265 314 1381 356 Epigr.
1403 313 1451 352 X,
1480 316 1518 347 21
1535 316 1616 354 θῆκε.
1637 313 1716 353 ΧΠ,
1738 316 1776 347 2:

108 367 237 403 ἀναθείς.
265 365 381 406 XVII,
403 368 439 399 2:
462 366 620 407 ἀνέθηκαν.
645 366 739 405 XX,
761 368 797 399 7:
820 367 927 399 ἔσπασε.
947 384 990 392 -
1013 377 1044 398 v.
1066 365 1117 400 34.
1164 366 1270 404 Quam
1292 369 1358 398 vim
1380 366 1501 397 habeat
1522 367 1585 409 τύγε
1599 366 1670 397 <illo
1698 366 1773 398 loco

105 420 253 460 positum
285 429 349 449 non
379 421 479 457 patet.
525 418 640 448 Solent
674 419 802 457 quidem
835 418 965 458 Graeci,
997 418 1055 449 uhi
1077 418 1204 460 al-iquid
1227 420 1263 449 in
1286 420 1368 450 duas
1390 425 1498 458 partes
1522 419 1698 457 dividunt,
1738 419 1775 449 in

104 471 215 504 altero
245 472 390 503 membro
415 482 595 514 pronomen
618 472 741 502 inferre
766 472 941 514 elegantiae
969 474 1109 514 quodam
1130 473 1241 502 studio
1262 474 1426 512 permoti,
1452 475 1490 503 ut
1509 472 1536 511 l,
1559 475 1631 506 124.
1674 472 1774 505 Hom.

106 526 150 558 ll.
182 526 243 566 Il·{‚
276 528 349 559 409.
378 527 457 568 (alia
479 527 663 566 suppeditat
686 526 882 557 Stallbaum.
910 528 945 557 in
968 527 1053 557 Plat.
1079 527 1181 568 Gorg.
1204 528 1275 558 527.
1296 525 1339 557 D.
1364 537 1434 567 cap.
1458 527 1546 568 83.),
1577 528 1637 559 sed
1658 527 1774 561 in‘hoc

108 591 210 612 versu
229 581 293 622 τύγε
322 587 445 610 tantum
468 580 508 609 ad
528 582 620 619 μᾶλον
640 582 830 618 pertineret.
874 579 987 622 Itaque
1010 580 1152 610 multum
1181 579 1278 609 habet
1301 580 1511 618 offensionis,
1538 581 1624 621 quod
1644 591 1708 612 non
1731 581 1775 613 ad.

107 634 166 670 τὼς
187 635 281 670 αὐλὼς
307 644 481 672 pronomen
501 636 646 675 positum
671 635 725 665 sit.
769 634 908 666 Dixerit
932 635 1004 673 quis
1035 634 1192 665 insertam
1217 643 1293 663 esse
1317 631 1513 673 particulam
1527 632 1592 672 μέν.
1637 631 1703 664 Sed
1726 639 1775 664 ta-

107 697 182 718 men
204 687 361 727 primaria
384 687 546 725 oppositio
570 692 620 718 est
642 697 866 725 personarum.
896 687 974 718 'Huc
995 686 1134 724 accedit,
1156 685 1241 725 quod
1265 685 1378 723 optimi
1401 685 1495 714 codd.
1519 684 1664 723 praebent
1682 686 1775 726 μᾶλόν

106 751 150 775 w,
173 739 259 769 unde
279 740 443 780 suspicari
466 738 556 778 licet,
578 739 680 770 verba
700 750 758 778 per
780 739 937 770 librarios
962 738 1164 783 aliquantum
1187 738 1328 769 distorta
1350 748 1436 768 esse.
1481 737 1546 768 His
1569 739 1673 780 igitur
1693 740 1774 769 rati-

106 792 225 824 onibus
238 792 409 833 impellor,
432 796 467 823 ut
490 804 600 823 veram
619 804 694 823 esse
713 799 822 832 putem
842 793 1119 823 emendationem:
1139 790 1196 826 τὼς
1216 790 1251 823 τὺ
1271 789 1321 831 μὲν
1343 790 1429 825 αὐλὸς
1449 790 1554 831 ἔχοισα,
1575 789 1623 821 καὶ
1645 789 1662 830 ἢ
1682 791 1775 829 ῥόδον,

104 846 123 889 ἢ
143 848 207 889 τύχε
226 850 325 888 μᾶλον.
370 846 488 877 Paullo
520 846 718 878 insolentior
740 846 916 878 collocatio
950 846 1154 886 pronominis
1182 845 1217 876 νιῖι
1244 845 1426 876 offendisse
1450 844 1579 877 videtur
1602 843 1773 883 librarios,

107 907 144 932 ut
167 901 276 932 locum
299 902 516 943 corrigerent,
542 911 635 939 quam
652 901 694 932 ob
714 912 781 932 rem
805 902 917 932 nescio
940 911 980 930 an
1004 910 1179 939 pronomen
1201 913 1235 932 w
1252 901 1291 929 'in
1314 905 1463 930 extremo
1485 910 1585 931 versu
1610 910 1653 931 ex
1677 898 1772 930 codd.

106 956 272 983 enotatum
305 952 389 982 nihil
413 953 505 982 aliud
536 955 581 983 sit
600 955 666 983 nis'i
694 953 736 989 11⁴1,
760 954 845 991 quod
868 958 943 993 post
965 952 1022 987 τῶς
1043 953 1184 990 positum
1208 957 1296 990 erat,
1327 961 1387 981 suo
1404 950 1481 981 loco
1500 954 1623 983 temere
1648 950 1772 992 expul-

107 1017 190 1037 sum.
236 1004 332 1041 Quod
356 1009 462 1035 autem
486 1015 663 1045 pronomen
687 1005 721 1037 ib
745 1006 831 1036 inter
854 1003 1029 1035 articulum
1051 1009 1083 1034 et
1114 1002 1357 1034 substantivum
1387 1004 1617 1041 interpositum
1640 1010 1709 1042 est,
1737 1004 1773 1036 id

106 1058 240 1091 defendi
263 1065 371 1098 potest
393 1057 559 1090 similibus
585 1057 769 1097 exemplis,
795 1057 902 1088 veluti
924 1057 1034 1095 Eurip.
1066 1055 1155 1086 Med.
1178 1056 1249 1087 475.
1274 1056 1323 1085 ed.
1354 1056 1490 1085 Porson.
1513 1057 1543 1086 ἐκ
1564 1059 1622 1086 τῶν
1642 1056 1678 1087 δὲ
1699 1057 1774 1097 πρῶ-

103 1126 161 1146 των
181 1116 295 1155 πρῶτον
314 1113 435 1154 ἄρξομαι
458 1114 548 1154 λέγειν.
592 1113 766 1153 llippolyt.
798 1114 871 1143 331.
907 1113 937 1142 ἐκ
957 1116 1015 1141 τῶν
1035 1112 1103 1151 γὰρ
1126 1113 1248 1149 αἰσχρῶν
1277 1110 1371 1141 ἐσθλὰ
1391 1109 1595 1149 μηχανώμεθα.
1634 1109 1773 1141 Lucian.

104 1165 239 1206 Nigrin.
264 1175 291 1194 c.
313 1166 365 1195 38.
389 1165 422 1195 τὸ
443 1168 494 1194 τοῦ
516 1164 588 1203 ἄρα
615 1165 745 1203 Τηλέφου
768 1164 874 1205 ἀνάγκη
896 1168 989 1193 ποιεῖν.
1000 1162 1034 1201 ⁴⁶)
1067 1161 1104 1192 111
1133 1160 1297 1192 Meinekii
1326 1159 1471 1202 eleganti
1494 1161 1681 1201 conjectura
1704 1160 1774 1193 dis-

104 1216 205 1255 plicet
224 1215 306 1245 mihi
330 1217 474 1245 omissus
495 1213 656 1245 articulus
679 1214 743 1250 πῶς,
764 1225 826 1253 quo
849 1225 961 1245 carere
994 1215 1055 1244 vix
1074 1222 1272 1253 possumus,
1293 1222 1389 1251 quum
1414 1212 1651 1254 intelligantur
1673 1219 1772 1245 eertae

107 1268 198 1298 tibiae
227 1267 360 1305 puellae,
394 1268 508 1305 quippe
538 1277 609 1307 quae
634 1265 772 1297 tibicina
795 1271 895 1297 esset.
919 1276 952 1296 v.
977 1266 1026 1297 16.
1071 1264 1156 1296 Tum
1178 1266 1352 1306 νλυκῦμιιλον
1372 1265 1458 1305 apud
1478 1263 1697 1295 Theocritum
1719 1271 1773 1296 est

109 1319 230 1350 blanda
252 1319 449 1361 alloquutio.
475 1319 538 1359 Xl,
560 1321 612 1353 39.
629 1331 711 1352 —v.
735 1321 786 1353 35.
810 1322 906 1364 σχῆμα
928 1319 1061 1361 proprie
1086 1317 1253 1360 significat
1276 1317 1423 1348 habitum
1441 1317 1600 1359 aliquem,
1618 1317 1772 1359 figuram,

107 1371 227 1403 deinde
260 1372 392 1404 omnino
423 1371 543 1407 dicitur
576 1372 617 1402 de
642 1382 681 1407 re
712 1379 826 1403 ornata
853 1371 908 1402 vel
936 1371 1142 1413 splendente..
1189 1369 1297 1406 Quum
1325 1376 1433 1401 autem
1457 1369 1611 1400 hocloco
1636 1369 1775 1401 tibicina

107 1432 286 1456 memorata
310 1426 354 1456 sit
376 1432 408 1460 et
431 1427 509 1457 novi
532 1426 654 1463 calcei,
690 1428 745 1464 qui
767 1426 851 1457 bene
872 1427 1071 1457 conveniunt
1096 1425 1288 1463 saltationi,
1319 1431 1576 1455 consentaneum
1609 1428 1660 1456 est
1680 1428 1776 1467 σχῆμα

108 1475 386 1515 interpretandum
418 1486 493 1508 esse
522 1477 567 1507 de
590 1475 742 1507 habitu
773 1476 890 1507 salta
906 1477 1018 1515 ntis,
1048 1486 1240 1517 quamquam
1263 1486 1326 1504 non
1350 1477 1466 1516 ignoro
1491 1476 1589 1506 aliter
1612 1479 1772 1508 statuisse

108 1527 356 1560 Mehlhornium
384 1528 505 1559 schem.
538 1529 596 1561 ἀπὸ
618 1532 711 1560 κοινοῦ
740 1535 801 1564 rat.
826 1540 858 1570 p.
883 1531 933 1562 12.
953 1546 994 1555 -·-
1009 1528 1048 1561 ,In
1073 1529 1176 1561 altera
1199 1528 1340 1560 lectione
1365 1540 1457 1566 quam
1488 1531 1660 1561 constituit
1687 1529 1773 1563 Her.

111 1591 252 1612 mannus
281 1591 333 1611 me
365 1582 505 1612 offendit
534 1582 723 1622 ἀνακοίμεθα,
747 1592 817 1621 quae
842 1582 946 1611 forma
968 1584 1133 1612 contracta
1154 1582 1295 1622 optativi
1317 1582 1562 1622 (conjunctivus
1582 1585 1667 1623 κῇται
1686 1583 1774 1625 apud

107 1633 289 1663 Homerum
312 1635 443 1673 extat.)‚
467 1641 619 1671 quantum
645 1635 794 1673 equidem
817 1636 931 1673 sciam,
953 1645 1126 1672 numquam
1152 1636 1330 1666 invenitur.

188 1722 233 1755 V.
254 1724 305 1760 36,
352 1722 419 1755 Tui
438 1724 537 1765 pedes
563 1731 639 1757 sunt:
663 1725 736 1766 tali,
758 1725 790 1756 h.
811 1736 840 1756 e.
865 1727 915 1756 tui
937 1726 1039 1767 pedes
1059 1731 1135 1757 sunt
1150 1725 1233 1756 bone
1249 1726 1382 1757 tornati.
1405 1724 1489 1756 Nam
1505 1725 1637 1767 pulchri
1653 1727 1775 1768 pedum

108 1772 171 1805 tali
190 1774 224 1805 in
247 1785 367 1815 magna
388 1782 481 1806 erant
509 1780 699 1816 venustate,
730 1777 816 1808 unde
851 1778 1048 1819 καλλίσφυρος,
1079 1777 1225 1818 εὔσφηρος.
1257 1778 1299 1808 cf.
1322 1776 1433 1820 XVII,
1455 1778 1506 1810 3².
1535 1777 1700 1815 XXVIII,
1724 1778 1774 1811 113,

106 1827 238 1859 Aelian.
255 1827 297 1859 V.
317 1828 360 1859 H.
382 1828 464 1868 ΧΠ,
490 1831 517 1861 1.
538 1831 578 1861 de
596 1830 756 1871 Aspasia:
780 1830 828 1862 καὶ
849 1831 886 1862 τὰ
908 1831 1005 1872 σφυρὰ
1023 1832 1122 1872 ἀγαθὴ
1144 1832 1191 1863 καὶ
1215 1832 1262 1864 οἷα
1286 1831 1416 1872 ”Ομηρος
1436 1832 1503 1872 λέγει
1523 1832 1577 1868 τὰς
1595 1833 1774 1874 ὡραιοτάτοις

105 1887 242 1924 γυναῖκας
263 1906 268 1912 .
290 1906 296 1912 .
316 1906 324 1914 .
344 1883 557 1924 καλλισφύρους.
590 1883 754 1920 Immerito
777 1885 881 1925 igitur
897 1885 931 1913 in
948 1883 1007 1916 hac
1025 1887 1267 1926 comparatione
1283 1891 1429 1925 quaerunt
1444 1885 1559 1923 pedum
1581 1885 1775 1924 „levitatem

108 1939 140 1964 et
155 1931 383 1970 mobilitatem,
401 1943 499 1974 quum
520 1940 532 1964 t
543 1944 561 1964 a
572 1933 612 1965 lo
622 1945 638 1965 r
647 1945 708 1965 um
733 1934 774 1964 in
786 1945 800 1964 s
812 1940 824 1964 t
835 1945 854 1964 a
866 1944 892 1973 r,
911 1934 1011 1973 quib
1023 1946 1042 1965 u
1053 1946 1067 1966 s
1094 1934 1137 1965 lu
1146 1935 1167 1965 (l
1177 1936 1209 1965 it
1221 1945 1242 1964 u
1252 1945 1285 1973 r,
1299 1936 1384 1965 inter
1402 1935 1587 1968 saltandum
1599 1947 1728 1969 sursum
1741 1941 1774 1968 et

142 2019 169 2051 *)
205 2016 341 2045 Consulto
362 2018 442 2043 omisi
459 2018 626 2047 Callimach.
644 2019 746 2052 fragm.
768 2019 845 2052 113⁵)
866 2019 932 2052 quia
951 2018 992 2043 ibi
1010 2010 1035 2041 οἳ
1057 2018 1211 2052 acuendum
1229 2027 1288 2045 esse
1305 2019 1418 2046 ,videtur
1435 2023 1563 2052 accentu,
1583 2019 1610 2048 h.
1626 2028 1651 2046 e.
1665 2028 1774 2055 ‚quam

207 2060 268 2084 sui
293 2059 422 2084 dicunt
447 2066 533 2090 pare
544 2065 636 2087 ntes.
671 2062 743 2087 Nam
762 2060 885 2091 verbum,
913 2059 986 2093 quod
1002 2062 1092 2084 totam
1111 2061 1279 2086 sententiam
1296 2064 1387 2095 regat,
1404 2062 1584 2094 interponere
1601 2062 1774 2089 Graecorum

207 2101 273 2126 usui
296 2102 454 2166 repulgngn
479 2100 525 2167 ³23
533 2102 611 2136 quod,
627 2102 660 2129 in
683 2100 781 2128 Aesch.
805 2101 921 2128 Eumen.
944 2101 1008 2129 551.
1028 2093 1078 2132 τήν
1098 2105 1129 2124 τε
1149 2094 1275 2135 κύρωσον
1295 2096 1379 2136 δίκην,
1395 2103 1491 2130 denuo
1506 2102 1602 2128 docuit
1619 2104 1773 2132 Hermann.

209 2141 313 2173 opusc.
333 2141 399 2171 V„
419 2158 427 2167 .
445 2147 472 2173 p.
527 2159 535 2169 .
