1872 2345
805 39 1056 80 ...47-

96 136 279 177 simplicior
299 134 427 166 videtur
447 132 517 165 baec
534 131 777 171 interpretatio:
801 130 969 168 vinum,
992 126 1104 170 quod
1123 124 1258 158 habeo
1282 125 1326 157 in
1348 122 1458 156 hune
1479 132 1616 162 usum,
1640 124 1748 166 quod

93 199 277 222 reservo
312 189 360 219 ad
391 187 611 229 ejusmodi
634 185 1011 226 opportunitates.
1026 200 1069 208 -
1087 181 1195 223 κύαμον
1215 181 1247 213 δέ
1263 193 1363 217 «ις-
1379 176 1632 222 φρυξεῖειίἰςιιὶε,
1652 178 1751 209 nimi-

96 252 170 274 rum
192 252 236 272 ex
256 242 300 272 iis
322 240 524 282 pastoribus,
547 240 604 281 qui
628 240 660 269 ei
682 237 808 269 subditi
830 244 918 270 sunt.

184 344 229 376 V.
251 345 302 377 76.
347 342 519 373 Orationis
541 340 633 372 color
655 342 771 372 ductus
795 345 850 372 est*
870 351 914 373 ex
941 339 1038 371 Hom.
1063 336 1128 369 od.
1151 335 1251 376 XIX,
1270 336 1343 369 205.
1363 334 1422 367 ubi
1441 335 1481 366 de
1500 331 1689 374 Penelope:

403 414 442 451 ὥς
462 414 491 447 δὲ
510 414 578 457 χιῶν
598 415 760 457 κατατήκετ’
782 416 811 448 ἔν
832 414 1027 457 ἀκροπόλοισιν
1047 411 1165 454 ὄρεσσιν,

398 480 437 517 ὥς
456 484 507 522 τῆς
526 482 623 522 τήκετο
643 481 719 514 καλὰ
738 482 848 524 παρήϊα
868 479 1081 523 δακρυχεούσης.

182 553 296 587 Verba
317 554 486 587 Theocriti
510 556 728 587 construenda
748 562 842 587 sunt:
865 552 926 587 εὖτε
945 554 1112 586 κατετᾶκετο
1134 552 1174 589 ὥς
1193 551 1260 594 χιών
1279 554 1322 587 τις
1333 560 1379 581 sc.
1393 546 1592 581 κατατώιεται.
1621 542 1749 576 Deinde

98 609 144 650 ὑφ’
167 608 264 649 Αἷμον
286 607 362 638 sub
394 607 593 638 Haemum
617 609 638 638 i.
663 619 692 638 ο.
717 607 944 649 virgilianum
964 605 1098 646 (Georg.
1114 604 1158 642 II,
1179 604 1263 644 488.)
1295 604 1335 632 in
1366 598 1569 632 vallibus
1593 594 1750 627 Haemi.

98 660 136 693 Id
159 662 358 692 demonstrat
380 660 545 699 epitheton
565 659 675 701 μακρὸν
697 661 718 690 i.
744 671 773 691 e.
794 660 861 690 late
882 662 1044 701 patentem
1066 655 1361 698 lunghlugeslreckl.
1385 652 1548 684 Similiter
1569 647 1660 687 VIII,
1678 650 1752 679 2.—

100 712 197 750 Quod
218 723 249 743 v.
271 713 312 743 *77
336 710 436 752 vulgo
460 710 584 751 legitur
604 710 783 751 ἐσχατόεντα,
807 711 842 741 id
862 720 910 740 ne
934 719 1133 750 graecum
1156 707 1327 749 quidem
1351 715 1426 736 esse
1449 710 1566 745 putare
1590 702 1649 732 vix
1673 709 1751 740 pos-

99 779 182 806 sum,
215 778 311 806 quum
342 766 426 797 alias
457 772 544 797 certe
566 767 677 797 formae
702 768 850 801 ἰη-οεις
872 770 1034 796 exeuntes
1056 764 1235 794 formentur
1256 761 1296 792 ab
1316 760 1488 801 adjectivis
1511 759 1640 791 in—og
1662 755 1751 785 desi—

98 819 265 858 nentibus,
287 829 487 857 quamquam,
511 818 597 859 quod
613 829 655 848 ex
675 818 769 849 codd.
789 818 938 849 restituit
955 815 1146 847 Meinekius
1165 813 1354 856 ἐσχατόωντα,
1363 811 1462 853 hujus
1475 809 1631 851 adjectivi
1645 807 1750 838 forma

98 876 252 906 usitatior
274 878 335 904 est.
357 873 397 903 cf.
421 871 462 902 Il.
486 870 534 909 X,
557 873 629 904 2060

179 973 224 1005 V.
245 974 297 1005 81.
338 974 477 1012 μαλακοῖς
497 969 617 1002 hosam
637 980 701 1000 non
725 968 906 1008 „mollibus
925 967 1097 1007 floribus“‚
1120 967 1178 999 sed
1200 976 1333 997 succo
1353 962 1550 995 mollium
1572 960 1749 998 florum,

99 1028 123 1058 i.
145 1037 173 1057 e.
197 1024 334 1056 melle
363 1023 552 1054 collecto
584 1012 637 1053 ex
669 1021 886 1052 suavibus
916 1020 1120 1052 floribus.
1165 1019 1286 1050 Iterum
1306 1018 1462 1059 leguntur
1482 1015 1577 1047 ἄνθεα
1600 1014 1749 1045 desuceo

97 1078 214 1109 florum
236 1075 317 1114 XV,
342 1076 391 1107 16.
414 1074 579 1105 Grex-erus
604 1072 805 1113 (Nachlrt'ige
825 1083 856 1111 p.
880 1073 924 1113 9.)
947 1072 1044 1102 dicit:
1070 1070 1222 1112 ,,μα7.ακὸς
1246 1081 1303 1111 pro
1324 1069 1391 1110 ἡδὺς
1419 1067 1602 1099 insolenter
1627 1066 1750 1096 dictum

99 1131 186 1160 est.“
218 1127 373 1164 Minime,
403 1136 476 1156 nam
497 1124 626 1165 μαλακὸς
646 1135 710 1155 non
738 1130 790 1155 est
817 1124 883 1165 ἡδὺς
912 1124 1040 1163 dulcis,
1073 1124 1132 1154 sed
1154 1124 1285 1153 omnino
1309 1123 1434 1153 suavis.
1457 1121 1499 1151 cf.
1525 1130 1622 1158 supra
1643 1129 1675 1148 v.
1696 1119 1749 1149 69.

97 1185 234 1224 μαλακῶς
254 1181 361 1220 πίομαι.
381 1179 463 1218 XV,
487 1181 557 1211 119.
577 1182 698 1219 μαλακῷ
720 1178 829 1218 ἁνιῖθῳ.
852 1178 968 1217 XVII,
989 1180 1041 1209 51.
1063 1178 1208 1219 μαλακοὺς
1228 1178 1343 1219 ἔρωτας.
1363 1195 1406 1201 --
1427 1175 1622 1211 Historiam,
1654 1183 1751 1213 quam

99 1237 154 1268 hic
176 1236 308 1276 attingit
331 1239 439 1274 poeta,
462 1243 525 1263 non
549 1232 655 1263 solum
676 1232 787 1263 Schol.
810 1233 844 1262 in
866 1231 899 1262 h.
922 1231 946 1262 l.
971 1238 1006 1261 ut
1017 1230 1199 1262 VVuestem.
1224 1229 1377 1260 observat
1394 1230 1502 1260 fusius
1524 1228 1671 1265 tradidit,
1689 1225 1749 1256 sed

99 1293 197 1324 etiam
218 1288 423 1320 l‘ediasimus
447 1287 480 1317 in
499 1286 641 1328 Syringa
662 1289 693 1320 4.
713 1298 743 1326 p.
766 1287 837 1319 223.
861 1286 911 1317 ed.
933 1285 1066 1316 Heinsii
1090 1295 1118 1315 a.
1145 1285 1235 1316 1604.
1257 1284 1328 1314 sive
1349 1295 1382 1325 p.
1401 1285 1472 1316 972.
1497 1282 1746 1324 ed.Kiessling.

97 1343 214 1385 Neque
235 1344 341 1371 tamen
364 1339 532 1369 adsentior
554 1337 812 1370 questemanno
835 1345 866 1369 et
889 1336 1097 1375 Burchardo,
1129 1337 1185 1375 qui
1209 1337 1241 1366 in
1267 1336 1406 1367 historia
1438 1336 1598 1367 narranda
1617 1334 1748 1366 Scholi-

99 1400 179 1425 astae
199 1392 297 1423 fidem
321 1394 499 1429 sequuntur
521 1396 618 1432 atque
639 1389 712 1428 ἄναξ
734 1390 799 1429 „de
820 1389 899 1420 hero
923 1388 978 1419 vel
997 1388 1152 1419 domin0“
1177 1387 1381 1429 intelligunt.
1412 1388 1498 1419 Mihi
1521 1388 1649 1419 videtur
1677 1389 1747 1426 ipse

98 1450 193 1483 poeta
214 1442 472 1474 Scholiastarum
493 1443 736 1482 expositionem
758 1440 925 1472 refellere.
968 1440 1100 1470 Etenim
1129 1441 1159 1470 si
1188 1439 1339 1471 Comatas
1369 1441 1587 1471 tantummodo
1616 1446 1748 1480 propter

99 1504 210 1532 capras
233 1493 423 1523 suffurando
446 1499 571 1530 ereptas
591 1492 701 1534 [solus
714 1491 920 1522 Pediasimus
945 1491 1023 1521 dicit
1045 1491 1075 1522 ἐκ
1095 1493 1152 1521 τῶν
1172 1490 1346 1530 θρεμμάτων
1366 1490 1473 1533 ἔθυεν]
1497 1491 1647 1521 inclusus
1660 1496 1749 1521 esset

99 1549 133 1578 in
153 1546 287 1581 cistam,
318 1543 353 1573 id
383 1544 542 1581 quomodo
573 1544 638 1573 dici
667 1544 811 1584 potuerit
841 1542 1029 1582 (Homerica
1059 1540 1211 1579 formula)
1242 1544 1359 1581 κακῇσιν
1388 1542 1599 1581 ἀτασθαλίῃσιν
1628 1542 1750 1575 ἄνακτος

98 1598 219 1629 factum
243 1606 330 1634 esse,
351 1605 415 1625 non
437 1596 518 1626 satis
541 1595 655 1634 liquet.
698 1593 804 1626 Unica
826 1605 943 1625 caussa
964 1594 1160 1625 inclusionis
1182 1594 1274 1634 latet,
1295 1596 1361 1626 nisi
1383 1595 1496 1634 fallor,
1519 1597 1552 1626 in
1576 1606 1675 1626 versu
1694 1596 1746 1626 ΒΞ.

99 1649 199 1681 Musa
225 1658 282 1687 per
313 1657 350 1678 os
373 1646 514 1678 Comatae
537 1648 667 1678 fuderat
698 1647 793 1678 dulce
823 1653 954 1684 nectar,
975 1648 997 1677 i.
1021 1658 1050 1684 e.
1072 1647 1199 1677 dulcem
1230 1654 1332 1678 artem
1360 1649 1495 1679 canendi
1521 1650 1551 1679 ci
1575 1648 1745 1678 tribuerat.

98 1700 209 1739 Itaque
231 1698 291 1729 hos
313 1710 430 1730 versus
451 1700 672 1730 consideranti
682 1698 880 1730 Theocritus
898 1709 1029 1728 narrare
1044 1698 1125 1729 mihi
1143 1699 1285 1738 videtur,
1296 1698 1475 1737 Comatam,
1495 1710 1590 1737 quum
1608 1699 1746 1729 canendi

100 1759 171 1784 arte
193 1753 336 1782 maxime
365 1751 568 1791 excelleret,
599 1752 696 1790 idque
717 1753 880 1792 ingratum
904 1757 993 1781 esset
1016 1752 1088 1792 regi
1120 1751 1248 1781 cuidam
1279 1752 1323 1791 (i.
1345 1762 1373 1782 e.
1404 1751 1508 1781 nobili
1536 1752 1628 1790 viro,
1651 1753 1746 1792 cujus

102 1814 222 1846 greges
233 1803 412 1844 pascebat),
437 1804 477 1834 ab
500 1806 565 1835 isto
588 1815 665 1844 rege
686 1806 718 1834 in
742 1814 849 1834 arcam
871 1814 914 1833 cx
934 1804 1028 1834 cedro
1052 1804 1170 1835 factam
1191 1805 1354 1836 inclusum
1377 1816 1472 1843 esse,
1496 1810 1530 1834 ut
1551 1811 1745 1842 moreretur,

100 1856 160 1887 sed
187 1855 361 1884 advenisse
393 1865 471 1893 apes
504 1856 599 1895 eique
628 1854 692 1884 mel
721 1854 893 1892 attulisse,
925 1865 987 1892 quo
1014 1862 1274 1886 conservaretur.
1326 1856 1406 1886 Post
1433 1857 1598 1896 integrum
1628 1866 1745 1887 annum

99 1914 211 1946 regem
232 1904 399 1942 aperuisse
424 1903 517 1934 illam
539 1903 906 1944 arcam,Comatamque,
925 1916 1019 1947 quem
1036 1907 1103 1946 jam
1127 1907 1253 1948 pridem
1272 1913 1432 1937 mortuum
1448 1914 1612 1947 putasset,
1634 1909 1744 1938 vivum

98 1957 279 1986 invenisse.
324 1954 448 1992 Scripsi
472 1966 533 1996 ego
556 1956 687 1997 quidem
708 1959 807 1996 post
836 1957 1055 1997 integrum
1078 1967 1226 1987 annum
1250 1958 1283 1987 id
1306 1958 1426 1987 factum
1451 1968 1538 1988 esse.
1582 1957 1664 1988 Nam
1683 1958 1746 1993 ἔτος

100 2004 182 2046 ὥριον
203 2016 245 2036 ex
268 2016 339 2036 mea
361 2005 489 2044 quidem
511 2009 675 2038 sententia
694 2018 757 2038 non
780 2014 831 2038 est
853 2019 981 2047 „annus
998 2011 1238 2050 tempestivus“
1261 2020 1364 2049 neque
1389 2016 1517 2049 „totum
1535 2013 1615 2041 ver“
1638 2021 1744 2052 neque

100 2058 266 2095 „aestas“‚
298 2056 356 2088 sed
387 2056 555 2098 significat
585 2068 725 2091 omnes
765 2061 865 2091 anni
894 2060 1024 2092 horas
1056 2060 1124 2092 vel
1154 2062 1291 2092 omnia
1322 2063 1422 2093 anni
1449 2068 1632 2101 tempora
1659 2062 1682 2093 i.
1713 2073 1744 2094 e.

100 2108 312 2147 integrum
343 2119 501 2140 annum.
555 2109 725 2151 (Vulgatae
748 2112 1035 2153 interpretationes
1066 2112 1154 2143 haud
1184 2113 1282 2144 dubie
1311 2115 1473 2155 originem
1503 2114 1671 2145 duxerunt
1699 2125 1744 2145 ex
