<?xml version="1.0" encoding="UTF-8"?>
<!DOCTYPE html PUBLIC "-//W3C//DTD XHTML 1.0 Transitional//EN"
    "http://www.w3.org/TR/xhtml1/DTD/xhtml1-transitional.dtd">
<html xmlns="http://www.w3.org/1999/xhtml" xml:lang="en" lang="en">
 <head>
  <title>
</title>
<meta http-equiv="Content-Type" content="text/html;charset=utf-8" />
  <meta name='ocr-system' content='tesseract 3.04.00' />
  <meta name='ocr-capabilities' content='ocr_page ocr_carea ocr_par ocr_line ocrx_word'/>
</head>
<body>
  <div class='ocr_page' id='page_1' title='image "4624634_0052.png"; bbox 0 0 1872 2345; ppageno 0'>
   <div class='ocr_carea' id='block_1_1' title="bbox 821 64 1075 105">
    <p class='ocr_par' dir='ltr' id='par_1_1' title="bbox 821 64 1075 105">
     <span class='ocr_line' id='line_1_1' title="bbox 821 64 1075 105; baseline -0.004 -7"><span class='ocrx_word' id='word_1_1' title='bbox 821 64 1075 105; x_wconf 62' lang='lat'>—44-</span> 
     </span>
    </p>
   </div>
   <div class='ocr_carea' id='block_1_2' title="bbox 106 150 1771 873">
    <p class='ocr_par' dir='ltr' id='par_1_2' title="bbox 106 150 1771 873">
     <span class='ocr_line' id='line_1_2' title="bbox 106 150 1771 198; baseline 0.001 -13"><span class='ocrx_word' id='word_1_2' title='bbox 106 150 149 185; x_wconf 77' lang='lat' dir='ltr'>Il.</span> <span class='ocrx_word' id='word_1_3' title='bbox 174 152 237 192; x_wconf 79' lang='lat' dir='ltr'>IV,</span> <span class='ocrx_word' id='word_1_4' title='bbox 259 153 330 186; x_wconf 69' lang='lat'><strong>1⁷7.</strong></span> <span class='ocrx_word' id='word_1_5' title='bbox 349 152 447 196; x_wconf 70' lang='grc' dir='ltr'>τύμβῳ</span> <span class='ocrx_word' id='word_1_6' title='bbox 467 152 667 194; x_wconf 60' lang='grc' dir='ltr'><strong><em>ἐπιθρώσκων.</em></strong></span> <span class='ocrx_word' id='word_1_7' title='bbox 687 153 788 185; x_wconf 86' lang='lat' dir='ltr'>Hom.</span> <span class='ocrx_word' id='word_1_8' title='bbox 807 153 921 194; x_wconf 73' lang='lat' dir='ltr'>hymn.</span> <span class='ocrx_word' id='word_1_9' title='bbox 937 153 1023 185; x_wconf 85' lang='lat' dir='ltr'>XIX</span> <span class='ocrx_word' id='word_1_10' title='bbox 1042 154 1075 184; x_wconf 95' lang='lat' dir='ltr'>in</span> <span class='ocrx_word' id='word_1_11' title='bbox 1092 153 1205 193; x_wconf 80' lang='lat' dir='ltr'><strong>Apoll.</strong></span> <span class='ocrx_word' id='word_1_12' title='bbox 1226 164 1258 186; x_wconf 83' lang='lat' dir='ltr'>v.</span> <span class='ocrx_word' id='word_1_13' title='bbox 1274 156 1304 188; x_wconf 73' lang='lat'>2.</span> <span class='ocrx_word' id='word_1_14' title='bbox 1327 153 1405 197; x_wconf 72' lang='grc' dir='ltr'>ὄχθη</span> <span class='ocrx_word' id='word_1_15' title='bbox 1425 152 1771 198; x_wconf 58' lang='grc' dir='ltr'>ἕπιθρῶσκοηᾸΒὛΉῙι</span> 
     </span>
     <span class='ocr_line' id='line_1_3' title="bbox 106 206 1762 249; baseline -0.001 -11"><span class='ocrx_word' id='word_1_16' title='bbox 106 208 179 239; x_wconf 68' lang='lat'>515.</span> <span class='ocrx_word' id='word_1_17' title='bbox 200 206 267 247; x_wconf 68' lang='grc' dir='ltr'>νηὸς</span> <span class='ocrx_word' id='word_1_18' title='bbox 287 206 493 247; x_wconf 74' lang='grc' dir='ltr'>ἐπιθρώσκων.)</span> <span class='ocrx_word' id='word_1_19' title='bbox 517 207 576 237; x_wconf 81' lang='lat' dir='ltr'>sed</span> <span class='ocrx_word' id='word_1_20' title='bbox 600 207 790 249; x_wconf 81' lang='lat' dir='ltr'>significant</span> <span class='ocrx_word' id='word_1_21' title='bbox 813 206 930 237; x_wconf 83' lang='lat' dir='ltr'>verba:</span> <span class='ocrx_word' id='word_1_22' title='bbox 954 217 1176 246; x_wconf 85' lang='lat' dir='ltr'>properas,</span> <span class='ocrx_word' id='word_1_23' title='bbox 1199 208 1385 247; x_wconf 86' lang='lat' dir='ltr'>prosilis</span> <span class='ocrx_word' id='word_1_24' title='bbox 1416 210 1465 239; x_wconf 79' lang='lat' dir='ltr'>ad</span> <span class='ocrx_word' id='word_1_25' title='bbox 1494 209 1762 240; x_wconf 72' lang='lat' dir='ltr'>vindemiam.</span> 
     </span>
     <span class='ocr_line' id='line_1_4' title="bbox 109 258 1765 302; baseline 0 -12"><span class='ocrx_word' id='word_1_26' title='bbox 109 258 196 290; x_wconf 84' lang='lat' dir='ltr'>Tota</span> <span class='ocrx_word' id='word_1_27' title='bbox 218 260 350 298; x_wconf 82' lang='lat' dir='ltr'>Lycidae</span> <span class='ocrx_word' id='word_1_28' title='bbox 380 260 596 300; x_wconf 75' lang='lat' dir='ltr'>interrogatio</span> <span class='ocrx_word' id='word_1_29' title='bbox 620 267 793 300; x_wconf 83' lang='lat' dir='ltr'>propterea</span> <span class='ocrx_word' id='word_1_30' title='bbox 823 260 961 290; x_wconf 82' lang='lat' dir='ltr'>offendit</span> <span class='ocrx_word' id='word_1_31' title='bbox 984 259 1166 291; x_wconf 90' lang='lat' dir='ltr'>Greverum</span> <span class='ocrx_word' id='word_1_32' title='bbox 1186 259 1387 301; x_wconf 73' lang='lat' dir='ltr'>(Nccchtrit&#39;ge</span> <span class='ocrx_word' id='word_1_33' title='bbox 1407 272 1440 299; x_wconf 73' lang='lat' dir='ltr'>p.</span> <span class='ocrx_word' id='word_1_34' title='bbox 1460 262 1522 300; x_wconf 71' lang='lat'>9.)⁷</span> <span class='ocrx_word' id='word_1_35' title='bbox 1541 263 1627 302; x_wconf 83' lang='lat' dir='ltr'>quod</span> <span class='ocrx_word' id='word_1_36' title='bbox 1646 261 1685 292; x_wconf 77' lang='grc' dir='ltr'>τὰ</span> <span class='ocrx_word' id='word_1_37' title='bbox 1705 260 1765 299; x_wconf 78' lang='grc' dir='ltr'>Λή-</span> 
     </span>
     <span class='ocr_line' id='line_1_5' title="bbox 108 311 1764 354; baseline -0.001 -10"><span class='ocrx_word' id='word_1_38' title='bbox 108 325 178 344; x_wconf 68' lang='grc' dir='ltr'>ναια</span> <span class='ocrx_word' id='word_1_39' title='bbox 199 315 231 341; x_wconf 86' lang='lat' dir='ltr'>et</span> <span class='ocrx_word' id='word_1_40' title='bbox 251 311 291 343; x_wconf 76' lang='grc' dir='ltr'>τὰ</span> <span class='ocrx_word' id='word_1_41' title='bbox 315 312 446 344; x_wconf 78' lang='grc' dir='ltr'><strong><em>Θαλύσια</em></strong></span> <span class='ocrx_word' id='word_1_42' title='bbox 468 313 570 342; x_wconf 90' lang='lat' dir='ltr'>nimio</span> <span class='ocrx_word' id='word_1_43' title='bbox 594 314 751 353; x_wconf 87' lang='lat' dir='ltr'>temporis</span> <span class='ocrx_word' id='word_1_44' title='bbox 786 313 890 350; x_wconf 83' lang='lat' dir='ltr'>spatio</span> <span class='ocrx_word' id='word_1_45' title='bbox 921 312 1083 342; x_wconf 74' lang='lat' dir='ltr'>distarent</span> <span class='ocrx_word' id='word_1_46' title='bbox 1094 334 1107 351; x_wconf 76' lang='lat'>,.</span> <span class='ocrx_word' id='word_1_47' title='bbox 1134 320 1326 354; x_wconf 82' lang='lat' dir='ltr'>quapropter</span> <span class='ocrx_word' id='word_1_48' title='bbox 1355 313 1541 344; x_wconf 76' lang='lat' dir='ltr'>dubitanter</span> <span class='ocrx_word' id='word_1_49' title='bbox 1571 314 1764 353; x_wconf 73' lang='lat' dir='ltr'>interrogat,</span> 
     </span>
     <span class='ocr_line' id='line_1_6' title="bbox 109 364 1764 406; baseline 0 -11"><span class='ocrx_word' id='word_1_50' title='bbox 109 376 185 395; x_wconf 85' lang='lat' dir='ltr'>num</span> <span class='ocrx_word' id='word_1_51' title='bbox 206 364 289 404; x_wconf 74' lang='grc' dir='ltr'><strong><em>ληνὸς·</em></strong></span> <span class='ocrx_word' id='word_1_52' title='bbox 313 365 482 406; x_wconf 79' lang='lat' dir='ltr'>significet</span> <span class='ocrx_word' id='word_1_53' title='bbox 503 365 612 396; x_wconf 88' lang='lat' dir='ltr'>solum</span> <span class='ocrx_word' id='word_1_54' title='bbox 634 365 754 403; x_wconf 89' lang='lat' dir='ltr'>locum,</span> <span class='ocrx_word' id='word_1_55' title='bbox 776 364 830 395; x_wconf 90' lang='lat' dir='ltr'>ubi</span> <span class='ocrx_word' id='word_1_56' title='bbox 858 364 1003 394; x_wconf 83' lang='lat' dir='ltr'>torcular</span> <span class='ocrx_word' id='word_1_57' title='bbox 1023 366 1167 405; x_wconf 84' lang='lat' dir='ltr'>positum</span> <span class='ocrx_word' id='word_1_58' title='bbox 1189 367 1236 396; x_wconf 90' lang='lat' dir='ltr'>sit</span> <span class='ocrx_word' id='word_1_59' title='bbox 1267 366 1389 396; x_wconf 77' lang='lat' dir='ltr'>collata</span> <span class='ocrx_word' id='word_1_60' title='bbox 1416 373 1529 397; x_wconf 86' lang='lat' dir='ltr'>nostra</span> <span class='ocrx_word' id='word_1_61' title='bbox 1555 376 1635 395; x_wconf 80' lang='lat' dir='ltr'>voce</span> <span class='ocrx_word' id='word_1_62' title='bbox 1656 365 1764 395; x_wconf 72' lang='lat' dir='ltr'>lVea‘n-</span> 
     </span>
     <span class='ocr_line' id='line_1_7' title="bbox 111 415 1766 458; baseline 0.001 -11"><span class='ocrx_word' id='word_1_63' title='bbox 111 418 196 457; x_wconf 80' lang='lat' dir='ltr'>berg,</span> <span class='ocrx_word' id='word_1_64' title='bbox 227 418 348 457; x_wconf 75' lang='lat' dir='ltr'>quippe</span> <span class='ocrx_word' id='word_1_65' title='bbox 373 426 443 454; x_wconf 87' lang='lat' dir='ltr'>quae</span> <span class='ocrx_word' id='word_1_66' title='bbox 467 417 595 446; x_wconf 90' lang='lat' dir='ltr'>dicatur</span> <span class='ocrx_word' id='word_1_67' title='bbox 622 427 684 456; x_wconf 85' lang='lat' dir='ltr'>pro</span> <span class='ocrx_word' id='word_1_68' title='bbox 701 416 796 446; x_wconf 86' lang='lat' dir='ltr'>villa.</span> <span class='ocrx_word' id='word_1_69' title='bbox 842 415 906 445; x_wconf 85' lang='lat' dir='ltr'>Sed</span> <span class='ocrx_word' id='word_1_70' title='bbox 928 417 1093 453; x_wconf 80' lang='lat' dir='ltr'><strong>posterius</strong></span> <span class='ocrx_word' id='word_1_71' title='bbox 1117 416 1246 446; x_wconf 85' lang='lat' dir='ltr'>idoneis</span> <span class='ocrx_word' id='word_1_72' title='bbox 1272 418 1437 458; x_wconf 87' lang='lat' dir='ltr'>exemplis</span> <span class='ocrx_word' id='word_1_73' title='bbox 1463 419 1678 448; x_wconf 80' lang='lat' dir='ltr'>demonstrari</span> <span class='ocrx_word' id='word_1_74' title='bbox 1699 427 1766 448; x_wconf 87' lang='lat' dir='ltr'>non</span> 
     </span>
     <span class='ocr_line' id='line_1_8' title="bbox 109 468 1764 509; baseline 0.001 -9"><span class='ocrx_word' id='word_1_75' title='bbox 109 471 241 509; x_wconf 83' lang='lat' dir='ltr'>poterit,</span> <span class='ocrx_word' id='word_1_76' title='bbox 263 470 355 508; x_wconf 87' lang='lat' dir='ltr'>prius</span> <span class='ocrx_word' id='word_1_77' title='bbox 377 469 418 500; x_wconf 88' lang='lat' dir='ltr'>ad</span> <span class='ocrx_word' id='word_1_78' title='bbox 439 468 519 500; x_wconf 89' lang='lat' dir='ltr'>talia</span> <span class='ocrx_word' id='word_1_79' title='bbox 538 469 700 507; x_wconf 91' lang='lat' dir='ltr'>pertinere</span> <span class='ocrx_word' id='word_1_80' title='bbox 722 468 864 506; x_wconf 91' lang='lat' dir='ltr'>videtur,</span> <span class='ocrx_word' id='word_1_81' title='bbox 886 477 955 506; x_wconf 85' lang='lat' dir='ltr'>quae</span> <span class='ocrx_word' id='word_1_82' title='bbox 976 468 1059 506; x_wconf 83' lang='lat' dir='ltr'>apud</span> <span class='ocrx_word' id='word_1_83' title='bbox 1079 474 1195 507; x_wconf 86' lang='lat' dir='ltr'>poetas</span> <span class='ocrx_word' id='word_1_84' title='bbox 1211 478 1274 499; x_wconf 92' lang='lat' dir='ltr'>non</span> <span class='ocrx_word' id='word_1_85' title='bbox 1293 477 1370 500; x_wconf 85' lang='lat' dir='ltr'>sunt</span> <span class='ocrx_word' id='word_1_86' title='bbox 1389 471 1431 501; x_wconf 82' lang='lat' dir='ltr'>ad</span> <span class='ocrx_word' id='word_1_87' title='bbox 1447 472 1560 502; x_wconf 84' lang='lat' dir='ltr'>vivum</span> <span class='ocrx_word' id='word_1_88' title='bbox 1575 469 1764 502; x_wconf 77' lang='lat' dir='ltr'>resecanda.</span> 
     </span>
     <span class='ocr_line' id='line_1_9' title="bbox 108 519 1763 562; baseline -0.001 -9"><span class='ocrx_word' id='word_1_89' title='bbox 108 522 276 553; x_wconf 85' lang='lat' dir='ltr'>Praeterea</span> <span class='ocrx_word' id='word_1_90' title='bbox 299 523 386 552; x_wconf 90' lang='lat' dir='ltr'>inter</span> <span class='ocrx_word' id='word_1_91' title='bbox 408 521 506 552; x_wconf 86' lang='lat' dir='ltr'>finem</span> <span class='ocrx_word' id='word_1_92' title='bbox 527 524 583 551; x_wconf 73' lang='grc' dir='ltr'>τῶν</span> <span class='ocrx_word' id='word_1_93' title='bbox 603 520 753 552; x_wconf 75' lang='grc' dir='ltr'><em>Θαλυσίων</em></span> <span class='ocrx_word' id='word_1_94' title='bbox 774 526 806 550; x_wconf 88' lang='lat' dir='ltr'>et</span> <span class='ocrx_word' id='word_1_95' title='bbox 828 520 958 549; x_wconf 90' lang='lat' dir='ltr'>initium</span> <span class='ocrx_word' id='word_1_96' title='bbox 972 522 1030 549; x_wconf 76' lang='grc' dir='ltr'>τῶν</span> <span class='ocrx_word' id='word_1_97' title='bbox 1049 519 1186 559; x_wconf 64' lang='grc' dir='ltr'>Λῃναίων</span> <span class='ocrx_word' id='word_1_98' title='bbox 1205 530 1271 549; x_wconf 87' lang='lat' dir='ltr'>non</span> <span class='ocrx_word' id='word_1_99' title='bbox 1293 530 1423 561; x_wconf 86' lang='lat' dir='ltr'>semper</span> <span class='ocrx_word' id='word_1_100' title='bbox 1445 521 1583 551; x_wconf 83' lang='lat' dir='ltr'>multum</span> <span class='ocrx_word' id='word_1_101' title='bbox 1605 522 1763 562; x_wconf 80' lang='lat' dir='ltr'>temporis</span> 
     </span>
     <span class='ocr_line' id='line_1_10' title="bbox 109 570 1766 615; baseline -0.001 -8"><span class='ocrx_word' id='word_1_102' title='bbox 109 577 340 615; x_wconf 84' lang='lat' dir='ltr'>interpositum</span> <span class='ocrx_word' id='word_1_103' title='bbox 360 575 466 605; x_wconf 85' lang='lat' dir='ltr'>fuisse</span> <span class='ocrx_word' id='word_1_104' title='bbox 485 572 642 603; x_wconf 81' lang='lat' dir='ltr'>credibile</span> <span class='ocrx_word' id='word_1_105' title='bbox 663 578 725 603; x_wconf 88' lang='lat' dir='ltr'>est.</span> <span class='ocrx_word' id='word_1_106' title='bbox 747 590 788 595; x_wconf 84' lang='lat'>—</span> <span class='ocrx_word' id='word_1_107' title='bbox 811 570 877 602; x_wconf 86' lang='lat' dir='ltr'>Ubi</span> <span class='ocrx_word' id='word_1_108' title='bbox 899 572 1043 613; x_wconf 74' lang='grc' dir='ltr'><em>ἀρβυλίδες</em></span> <span class='ocrx_word' id='word_1_109' title='bbox 1062 578 1362 610; x_wconf 82' lang='lat' dir='ltr'>commemorantur,</span> <span class='ocrx_word' id='word_1_110' title='bbox 1384 583 1450 603; x_wconf 88' lang='lat' dir='ltr'>non</span> <span class='ocrx_word' id='word_1_111' title='bbox 1470 573 1577 604; x_wconf 89' lang='lat' dir='ltr'>solum</span> <span class='ocrx_word' id='word_1_112' title='bbox 1598 573 1766 605; x_wconf 87' lang='lat' dir='ltr'>Casaubo-</span> 
     </span>
     <span class='ocr_line' id='line_1_11' title="bbox 110 624 1767 670; baseline 0.001 -11"><span class='ocrx_word' id='word_1_113' title='bbox 110 639 173 660; x_wconf 87' lang='lat' dir='ltr'>nus</span> <span class='ocrx_word' id='word_1_114' title='bbox 199 635 293 670; x_wconf 84' lang='lat' dir='ltr'>putat</span> <span class='ocrx_word' id='word_1_115' title='bbox 315 627 566 658; x_wconf 81' lang='lat' dir='ltr'>calceamentum</span> <span class='ocrx_word' id='word_1_116' title='bbox 591 625 696 655; x_wconf 67' lang='lat' dir='ltr'>clavis</span> <span class='ocrx_word' id='word_1_117' title='bbox 721 625 839 655; x_wconf 86' lang='lat' dir='ltr'>ferreis</span> <span class='ocrx_word' id='word_1_118' title='bbox 864 628 1053 665; x_wconf 79' lang='lat' dir='ltr'>suppactum</span> <span class='ocrx_word' id='word_1_119' title='bbox 1077 624 1183 654; x_wconf 80' lang='lat' dir='ltr'>fuisse</span> <span class='ocrx_word' id='word_1_120' title='bbox 1205 625 1252 665; x_wconf 86' lang='lat' dir='ltr'>(id</span> <span class='ocrx_word' id='word_1_121' title='bbox 1275 626 1359 663; x_wconf 90' lang='lat' dir='ltr'>quod</span> <span class='ocrx_word' id='word_1_122' title='bbox 1382 627 1456 667; x_wconf 89' lang='lat' dir='ltr'>quis</span> <span class='ocrx_word' id='word_1_123' title='bbox 1479 626 1578 658; x_wconf 81' lang='lat' dir='ltr'>facile</span> <span class='ocrx_word' id='word_1_124' title='bbox 1598 629 1705 669; x_wconf 81' lang='lat' dir='ltr'>possit</span> <span class='ocrx_word' id='word_1_125' title='bbox 1720 638 1767 660; x_wconf 86' lang='lat' dir='ltr'>ex</span> 
     </span>
     <span class='ocr_line' id='line_1_12' title="bbox 111 676 1768 719; baseline -0.001 -10"><span class='ocrx_word' id='word_1_126' title='bbox 111 680 363 711; x_wconf 72' lang='lat' dir='ltr'>VVuestemanni</span> <span class='ocrx_word' id='word_1_127' title='bbox 393 678 600 707; x_wconf 83' lang='lat' dir='ltr'>adnotatione</span> <span class='ocrx_word' id='word_1_128' title='bbox 625 677 814 716; x_wconf 80' lang='lat' dir='ltr'>conjicere),</span> <span class='ocrx_word' id='word_1_129' title='bbox 846 676 904 705; x_wconf 85' lang='lat' dir='ltr'>sed</span> <span class='ocrx_word' id='word_1_130' title='bbox 944 677 1044 705; x_wconf 85' lang='lat' dir='ltr'>etiam-</span> <span class='ocrx_word' id='word_1_131' title='bbox 1070 676 1238 716; x_wconf 82' lang='lat' dir='ltr'>Stanlejus</span> <span class='ocrx_word' id='word_1_132' title='bbox 1263 677 1309 717; x_wconf 89' lang='lat' dir='ltr'>(in</span> <span class='ocrx_word' id='word_1_133' title='bbox 1333 677 1452 709; x_wconf 78' lang='lat' dir='ltr'>Aesch.</span> <span class='ocrx_word' id='word_1_134' title='bbox 1474 678 1595 718; x_wconf 38' lang='lat' dir='ltr'>Agame</span> <span class='ocrx_word' id='word_1_135' title='bbox 1613 690 1648 709; x_wconf 83' lang='lat' dir='ltr'>v.-</span> <span class='ocrx_word' id='word_1_136' title='bbox 1669 680 1768 719; x_wconf 65' lang='lat'>953),</span> 
     </span>
     <span class='ocr_line' id='line_1_13' title="bbox 111 728 1769 773; baseline 0.001 -11"><span class='ocrx_word' id='word_1_137' title='bbox 111 734 166 771; x_wconf 88' lang='lat' dir='ltr'>qni</span> <span class='ocrx_word' id='word_1_138' title='bbox 189 731 281 762; x_wconf 47' lang='lat' dir='ltr'>Toni*</span> <span class='ocrx_word' id='word_1_139' title='bbox 303 730 329 770; x_wconf 91' lang='lat' dir='ltr'>I,</span> <span class='ocrx_word' id='word_1_140' title='bbox 352 742 381 770; x_wconf 81' lang='lat' dir='ltr'>p.</span> <span class='ocrx_word' id='word_1_141' title='bbox 406 732 468 761; x_wconf 75' lang='lat'>426</span> <span class='ocrx_word' id='word_1_142' title='bbox 498 730 668 770; x_wconf 83' lang='lat' dir='ltr'>(editionis</span> <span class='ocrx_word' id='word_1_143' title='bbox 692 740 761 767; x_wconf 61' lang='lat' dir='ltr'>quac</span> <span class='ocrx_word' id='word_1_144' title='bbox 789 728 888 759; x_wconf 76' lang='lat' dir='ltr'>Ilalis</span> <span class='ocrx_word' id='word_1_145' title='bbox 917 730 1006 759; x_wconf 78' lang='lat'>1832.</span> <span class='ocrx_word' id='word_1_146' title='bbox 1039 730 1175 770; x_wconf 84' lang='lat' dir='ltr'>prodiit)</span> <span class='ocrx_word' id='word_1_147' title='bbox 1207 730 1332 760; x_wconf 86' lang='lat' dir='ltr'>diserte</span> <span class='ocrx_word' id='word_1_148' title='bbox 1364 731 1464 761; x_wconf 86' lang='lat' dir='ltr'>dicit:</span> <span class='ocrx_word' id='word_1_149' title='bbox 1497 732 1593 773; x_wconf 86' lang='lat' dir='ltr'>„Ego</span> <span class='ocrx_word' id='word_1_150' title='bbox 1628 743 1706 763; x_wconf 81' lang='lat' dir='ltr'>vero</span> <span class='ocrx_word' id='word_1_151' title='bbox 1729 751 1769 756; x_wconf 92' lang='lat'><strong>—</strong></span> 
     </span>
     <span class='ocr_line' id='line_1_14' title="bbox 110 780 1768 825; baseline -0.001 -9"><span class='ocrx_word' id='word_1_152' title='bbox 110 784 335 825; x_wconf 82' lang='lat' dir='ltr'>intelligerem</span> <span class='ocrx_word' id='word_1_153' title='bbox 366 783 495 814; x_wconf 88' lang='lat' dir='ltr'>calceos</span> <span class='ocrx_word' id='word_1_154' title='bbox 528 782 668 811; x_wconf 83' lang='lat' dir='ltr'>serratos</span> <span class='ocrx_word' id='word_1_155' title='bbox 701 781 899 811; x_wconf 84' lang='lat' dir='ltr'>rusticorum</span> <span class='ocrx_word' id='word_1_156' title='bbox 930 782 1039 821; x_wconf 88' lang='lat' dir='ltr'>potius</span> <span class='ocrx_word' id='word_1_157' title='bbox 1068 791 1163 822; x_wconf 89' lang='lat' dir='ltr'>quam</span> <span class='ocrx_word' id='word_1_158' title='bbox 1195 780 1390 812; x_wconf 72' lang='lat' dir='ltr'>Boeotorum</span> <span class='ocrx_word' id='word_1_159' title='bbox 1422 782 1571 823; x_wconf 83' lang='lat' dir='ltr'>ligneos:</span> <span class='ocrx_word' id='word_1_160' title='bbox 1605 786 1768 824; x_wconf 84' lang='lat' dir='ltr'>ejusmodi</span> 
     </span>
     <span class='ocr_line' id='line_1_15' title="bbox 112 831 1767 873; baseline 0.001 -6"><span class='ocrx_word' id='word_1_161' title='bbox 112 838 198 868; x_wconf 87' lang='lat' dir='ltr'>enim</span> <span class='ocrx_word' id='word_1_162' title='bbox 222 835 322 867; x_wconf 84' lang='lat' dir='ltr'>soleae</span> <span class='ocrx_word' id='word_1_163' title='bbox 346 836 451 867; x_wconf 83' lang='lat' dir='ltr'>clavis</span> <span class='ocrx_word' id='word_1_164' title='bbox 476 838 639 873; x_wconf 82' lang='lat' dir='ltr'>suppactae</span> <span class='ocrx_word' id='word_1_165' title='bbox 661 834 748 863; x_wconf 89' lang='lat' dir='ltr'>inter</span> <span class='ocrx_word' id='word_1_166' title='bbox 770 832 911 862; x_wconf 87' lang='lat' dir='ltr'>eundum</span> <span class='ocrx_word' id='word_1_167' title='bbox 934 831 1100 873; x_wconf 81' lang='lat' dir='ltr'>lapidibus</span> <span class='ocrx_word' id='word_1_168' title='bbox 1121 832 1223 863; x_wconf 69' lang='lat' dir='ltr'>illisae</span> <span class='ocrx_word' id='word_1_169' title='bbox 1246 835 1388 863; x_wconf 87' lang='lat' dir='ltr'>sonitum</span> <span class='ocrx_word' id='word_1_170' title='bbox 1404 844 1441 863; x_wconf 89' lang='lat' dir='ltr'>ac</span> <span class='ocrx_word' id='word_1_171' title='bbox 1460 836 1613 866; x_wconf 85' lang='lat' dir='ltr'>tinnitum</span> <span class='ocrx_word' id='word_1_172' title='bbox 1633 837 1767 868; x_wconf 86' lang='lat' dir='ltr'>edunt.“</span> 
     </span>
    </p>
   </div>
   <div class='ocr_carea' id='block_1_3' title="bbox 112 921 1772 1128">
    <p class='ocr_par' dir='ltr' id='par_1_3' title="bbox 112 921 1772 1128">
     <span class='ocr_line' id='line_1_16' title="bbox 194 921 1768 966; baseline -0.001 -7"><span class='ocrx_word' id='word_1_173' title='bbox 194 926 239 958; x_wconf 77' lang='lat' dir='ltr'>V.</span> <span class='ocrx_word' id='word_1_174' title='bbox 263 921 315 959; x_wconf 65' lang='lat'>28.</span> <span class='ocrx_word' id='word_1_175' title='bbox 339 924 472 966; x_wconf 80' lang='grc' dir='ltr'><em>συρικτὰν</em></span> <span class='ocrx_word' id='word_1_176' title='bbox 493 925 593 965; x_wconf 51' lang='grc' dir='ltr'>ἔμεναι.</span> <span class='ocrx_word' id='word_1_177' title='bbox 634 922 733 953; x_wconf 81' lang='lat' dir='ltr'>Haeec</span> <span class='ocrx_word' id='word_1_178' title='bbox 758 921 798 952; x_wconf 89' lang='lat' dir='ltr'>ab</span> <span class='ocrx_word' id='word_1_179' title='bbox 809 921 998 952; x_wconf 85' lang='lat' dir='ltr'>Hermanno·</span> <span class='ocrx_word' id='word_1_180' title='bbox 1019 932 1063 952; x_wconf 75' lang='lat' dir='ltr'>ex</span> <span class='ocrx_word' id='word_1_181' title='bbox 1088 922 1179 953; x_wconf 75' lang='lat' dir='ltr'>codd.</span> <span class='ocrx_word' id='word_1_182' title='bbox 1203 922 1363 953; x_wconf 81' lang='lat' dir='ltr'>Palatinis</span> <span class='ocrx_word' id='word_1_183' title='bbox 1385 925 1550 961; x_wconf 81' lang='lat' dir='ltr'>proposita</span> <span class='ocrx_word' id='word_1_184' title='bbox 1574 926 1768 966; x_wconf 83' lang='lat' dir='ltr'>emendatio,</span> 
     </span>
     <span class='ocr_line' id='line_1_17' title="bbox 113 976 1769 1021; baseline -0.001 -8"><span class='ocrx_word' id='word_1_185' title='bbox 113 981 212 1013; x_wconf 88' lang='lat' dir='ltr'>simul</span> <span class='ocrx_word' id='word_1_186' title='bbox 234 981 440 1011; x_wconf 86' lang='lat' dir='ltr'>numerosior</span> <span class='ocrx_word' id='word_1_187' title='bbox 461 986 494 1009; x_wconf 88' lang='lat' dir='ltr'>et</span> <span class='ocrx_word' id='word_1_188' title='bbox 518 978 628 1008; x_wconf 74' lang='lat' dir='ltr'>verbis</span> <span class='ocrx_word' id='word_1_189' title='bbox 650 977 691 1007; x_wconf 82' lang='lat' dir='ltr'>nd</span> <span class='ocrx_word' id='word_1_190' title='bbox 714 978 799 1007; x_wconf 90' lang='lat' dir='ltr'>ictus</span> <span class='ocrx_word' id='word_1_191' title='bbox 824 979 976 1007; x_wconf 87' lang='lat' dir='ltr'>metricos</span> <span class='ocrx_word' id='word_1_192' title='bbox 1000 976 1119 1007; x_wconf 89' lang='lat' dir='ltr'>melius</span> <span class='ocrx_word' id='word_1_193' title='bbox 1143 978 1274 1015; x_wconf 80' lang='lat' dir='ltr'>aptatis,</span> <span class='ocrx_word' id='word_1_194' title='bbox 1304 987 1389 1007; x_wconf 89' lang='lat' dir='ltr'>nunc</span> <span class='ocrx_word' id='word_1_195' title='bbox 1413 977 1536 1018; x_wconf 81' lang='lat' dir='ltr'>legitur</span> <span class='ocrx_word' id='word_1_196' title='bbox 1561 981 1659 1010; x_wconf 75' lang='lat' dir='ltr'>etiam</span> <span class='ocrx_word' id='word_1_197' title='bbox 1682 982 1769 1021; x_wconf 89' lang='lat' dir='ltr'>apud</span> 
     </span>
     <span class='ocr_line' id='line_1_18' title="bbox 112 1028 1772 1071; baseline -0.002 -6"><span class='ocrx_word' id='word_1_198' title='bbox 112 1034 365 1071; x_wconf 87' lang='lat' dir='ltr'>Boissonadum‚</span> <span class='ocrx_word' id='word_1_199' title='bbox 388 1033 442 1063; x_wconf 89' lang='lat' dir='ltr'>cui</span> <span class='ocrx_word' id='word_1_200' title='bbox 458 1031 639 1061; x_wconf 82' lang='lat' dir='ltr'>Hermanni</span> <span class='ocrx_word' id='word_1_201' title='bbox 662 1028 848 1060; x_wconf 78' lang='lat' dir='ltr'>Scholas</span> <span class='ocrx_word' id='word_1_202' title='bbox 879 1028 1179 1059; x_wconf 66' lang='lat' dir='ltr'>Theocr‘iteas</span> <span class='ocrx_word' id='word_1_203' title='bbox 1199 1029 1342 1059; x_wconf 78' lang='lat' dir='ltr'>noudum</span> <span class='ocrx_word' id='word_1_204' title='bbox 1365 1031 1514 1070; x_wconf 81' lang='lat' dir='ltr'>cognitas</span> <span class='ocrx_word' id='word_1_205' title='bbox 1536 1031 1646 1062; x_wconf 80' lang='lat' dir='ltr'>fuisse·</span> <span class='ocrx_word' id='word_1_206' title='bbox 1667 1034 1772 1064; x_wconf 85' lang='lat' dir='ltr'>editio</span> 
     </span>
     <span class='ocr_line' id='line_1_19' title="bbox 113 1089 410 1128; baseline -0.007 -8"><span class='ocrx_word' id='word_1_207' title='bbox 113 1089 234 1128; x_wconf 81' lang='lat' dir='ltr'>ubique</span> <span class='ocrx_word' id='word_1_208' title='bbox 258 1094 410 1119; x_wconf 81' lang='lat' dir='ltr'>testatur.</span> 
     </span>
    </p>
   </div>
   <div class='ocr_carea' id='block_1_4' title="bbox 112 1163 1774 1474">
    <p class='ocr_par' dir='ltr' id='par_1_4' title="bbox 112 1163 1774 1474">
     <span class='ocr_line' id='line_1_20' title="bbox 196 1163 1771 1209; baseline 0.001 -11"><span class='ocrx_word' id='word_1_209' title='bbox 196 1169 241 1200; x_wconf 75' lang='lat' dir='ltr'>V.</span> <span class='ocrx_word' id='word_1_210' title='bbox 264 1170 316 1201; x_wconf 81' lang='grc'>30,</span> <span class='ocrx_word' id='word_1_211' title='bbox 359 1166 472 1198; x_wconf 83' lang='lat' dir='ltr'>Verba</span> <span class='ocrx_word' id='word_1_212' title='bbox 497 1165 684 1197; x_wconf 77' lang='lat' dir='ltr'>Simichidae</span> <span class='ocrx_word' id='word_1_213' title='bbox 711 1164 772 1195; x_wconf 78' lang='grc' dir='ltr'><strong><em>κατ’</em></strong></span> <span class='ocrx_word' id='word_1_214' title='bbox 794 1164 860 1204; x_wconf 77' lang='grc' dir='ltr'>ἐμὸν</span> <span class='ocrx_word' id='word_1_215' title='bbox 880 1164 944 1196; x_wconf 79' lang='grc' dir='ltr'><strong><em>νόον</em></strong></span> <span class='ocrx_word' id='word_1_216' title='bbox 965 1163 1078 1202; x_wconf 86' lang='lat' dir='ltr'>pau-llo</span> <span class='ocrx_word' id='word_1_217' title='bbox 1108 1163 1175 1194; x_wconf 86' lang='lat' dir='ltr'>alio</span> <span class='ocrx_word' id='word_1_218' title='bbox 1204 1173 1304 1195; x_wconf 88' lang='lat' dir='ltr'>sensu</span> <span class='ocrx_word' id='word_1_219' title='bbox 1335 1164 1421 1195; x_wconf 82' lang='lat' dir='ltr'>dicta</span> <span class='ocrx_word' id='word_1_220' title='bbox 1450 1169 1529 1196; x_wconf 74' lang='lat' dir='ltr'>sunt,</span> <span class='ocrx_word' id='word_1_221' title='bbox 1553 1173 1650 1208; x_wconf 88' lang='lat' dir='ltr'>atque</span> <span class='ocrx_word' id='word_1_222' title='bbox 1683 1170 1771 1209; x_wconf 87' lang='lat' dir='ltr'>apud</span> 
     </span>
     <span class='ocr_line' id='line_1_21' title="bbox 113 1218 1771 1262; baseline -0.001 -9"><span class='ocrx_word' id='word_1_223' title='bbox 113 1223 292 1253; x_wconf 88' lang='lat' dir='ltr'>Homerum</span> <span class='ocrx_word' id='word_1_224' title='bbox 318 1221 372 1262; x_wconf 89' lang='lat'><em>(11.</em></span> <span class='ocrx_word' id='word_1_225' title='bbox 405 1221 469 1259; x_wconf 82' lang='lat' dir='ltr'>IX,</span> <span class='ocrx_word' id='word_1_226' title='bbox 501 1221 584 1259; x_wconf 79' lang='lat'>108.)</span> <span class='ocrx_word' id='word_1_227' title='bbox 616 1219 771 1250; x_wconf 81' lang='lat' dir='ltr'>Nestoris</span> <span class='ocrx_word' id='word_1_228' title='bbox 795 1219 864 1249; x_wconf 73' lang='grc' dir='ltr'>καθ’</span> <span class='ocrx_word' id='word_1_229' title='bbox 893 1219 1024 1258; x_wconf 76' lang='grc' dir='ltr'><em>ἡμέτερόν</em></span> <span class='ocrx_word' id='word_1_230' title='bbox 1051 1231 1079 1258; x_wconf 57' lang='grc' dir='ltr'>γε</span> <span class='ocrx_word' id='word_1_231' title='bbox 1105 1219 1178 1254; x_wconf 71' lang='grc' dir='ltr'><strong><em>νόον,</em></strong></span> <span class='ocrx_word' id='word_1_232' title='bbox 1209 1228 1279 1257; x_wconf 79' lang='lat' dir='ltr'>quae</span> <span class='ocrx_word' id='word_1_233' title='bbox 1302 1218 1414 1248; x_wconf 84' lang='lat' dir='ltr'>attulit</span> <span class='ocrx_word' id='word_1_234' title='bbox 1438 1218 1655 1250; x_wconf 80' lang='lat' dir='ltr'>Scholiastes.</span> <span class='ocrx_word' id='word_1_235' title='bbox 1697 1222 1771 1253; x_wconf 85' lang='lat' dir='ltr'>Hoc</span> 
     </span>
     <span class='ocr_line' id='line_1_22' title="bbox 114 1272 1774 1315; baseline 0 -8"><span class='ocrx_word' id='word_1_236' title='bbox 114 1276 283 1307; x_wconf 74' lang='lat' dir='ltr'>Theocriti</span> <span class='ocrx_word' id='word_1_237' title='bbox 312 1275 384 1306; x_wconf 89' lang='lat' dir='ltr'>loco</span> <span class='ocrx_word' id='word_1_238' title='bbox 414 1274 564 1313; x_wconf 85' lang='lat' dir='ltr'>loquutio</span> <span class='ocrx_word' id='word_1_239' title='bbox 594 1280 644 1304; x_wconf 89' lang='lat' dir='ltr'>est</span> <span class='ocrx_word' id='word_1_240' title='bbox 669 1280 833 1315; x_wconf 83' lang='lat' dir='ltr'>tamquam</span> <span class='ocrx_word' id='word_1_241' title='bbox 865 1272 1098 1314; x_wconf 85' lang='lat' dir='ltr'>proverbialis.</span> <span class='ocrx_word' id='word_1_242' title='bbox 1144 1272 1287 1303; x_wconf 76' lang='lat' dir='ltr'>Videtur</span> <span class='ocrx_word' id='word_1_243' title='bbox 1313 1273 1398 1302; x_wconf 91' lang='lat' dir='ltr'>enim</span> <span class='ocrx_word' id='word_1_244' title='bbox 1423 1272 1619 1305; x_wconf 83' lang='lat' dir='ltr'>Simichidas</span> <span class='ocrx_word' id='word_1_245' title='bbox 1648 1275 1682 1305; x_wconf 91' lang='lat' dir='ltr'>in</span> <span class='ocrx_word' id='word_1_246' title='bbox 1713 1275 1774 1307; x_wconf 86' lang='lat' dir='ltr'>hac</span> 
     </span>
     <span class='ocr_line' id='line_1_23' title="bbox 113 1327 1767 1371; baseline -0.001 -10"><span class='ocrx_word' id='word_1_247' title='bbox 113 1330 266 1369; x_wconf 85' lang='lat' dir='ltr'>formula,</span> <span class='ocrx_word' id='word_1_248' title='bbox 288 1339 359 1371; x_wconf 72' lang='lat' dir='ltr'>quac</span> <span class='ocrx_word' id='word_1_249' title='bbox 382 1340 417 1359; x_wconf 61' lang='lat' dir='ltr'>v.&gt;</span> <span class='ocrx_word' id='word_1_250' title='bbox 437 1330 489 1360; x_wconf 86' lang='lat'>39.</span> <span class='ocrx_word' id='word_1_251' title='bbox 513 1330 664 1366; x_wconf 80' lang='lat' dir='ltr'>iteratur,</span> <span class='ocrx_word' id='word_1_252' title='bbox 688 1327 888 1368; x_wconf 76' lang='lat' dir='ltr'>elegantiam</span> <span class='ocrx_word' id='word_1_253' title='bbox 910 1327 1072 1368; x_wconf 85' lang='lat' dir='ltr'>quandam·</span> <span class='ocrx_word' id='word_1_254' title='bbox 1092 1327 1300 1368; x_wconf 65' lang='lat' dir='ltr'>quaesivisse,</span> <span class='ocrx_word' id='word_1_255' title='bbox 1323 1327 1592 1364; x_wconf 74' lang='lat' dir='ltr'>quemadmodum</span> <span class='ocrx_word' id='word_1_256' title='bbox 1615 1329 1767 1361; x_wconf 90' lang='lat' dir='ltr'>nonnulli</span> 
     </span>
     <span class='ocr_line' id='line_1_24' title="bbox 112 1379 1774 1424; baseline 0 -11"><span class='ocrx_word' id='word_1_257' title='bbox 112 1384 263 1416; x_wconf 86' lang='lat' dir='ltr'>homines</span> <span class='ocrx_word' id='word_1_258' title='bbox 282 1382 441 1412; x_wconf 83' lang='lat' dir='ltr'>formulas</span> <span class='ocrx_word' id='word_1_259' title='bbox 465 1382 622 1420; x_wconf 82' lang='lat' dir='ltr'>quasdam</span> <span class='ocrx_word' id='word_1_260' title='bbox 644 1392 771 1419; x_wconf 79' lang='lat' dir='ltr'>semper</span> <span class='ocrx_word' id='word_1_261' title='bbox 795 1383 828 1410; x_wconf 93' lang='lat' dir='ltr'>in</span> <span class='ocrx_word' id='word_1_262' title='bbox 853 1391 909 1410; x_wconf 88' lang='lat' dir='ltr'>ore</span> <span class='ocrx_word' id='word_1_263' title='bbox 931 1380 1052 1410; x_wconf 84' lang='lat' dir='ltr'>habere</span> <span class='ocrx_word' id='word_1_264' title='bbox 1073 1380 1193 1418; x_wconf 88' lang='lat' dir='ltr'>solent,</span> <span class='ocrx_word' id='word_1_265' title='bbox 1218 1384 1313 1417; x_wconf 79' lang='lat' dir='ltr'>atque</span> <span class='ocrx_word' id='word_1_266' title='bbox 1335 1379 1454 1417; x_wconf 82' lang='lat' dir='ltr'>ubique</span> <span class='ocrx_word' id='word_1_267' title='bbox 1478 1382 1635 1411; x_wconf 87' lang='lat' dir='ltr'>inserere.</span> <span class='ocrx_word' id='word_1_268' title='bbox 1659 1381 1774 1424; x_wconf 83' lang='lat' dir='ltr'>Itaque</span> 
     </span>
     <span class='ocr_line' id='line_1_25' title="bbox 116 1431 1719 1474; baseline 0.001 -8"><span class='ocrx_word' id='word_1_269' title='bbox 116 1435 157 1467; x_wconf 89' lang='lat' dir='ltr'>ab</span> <span class='ocrx_word' id='word_1_270' title='bbox 180 1435 239 1466; x_wconf 83' lang='lat' dir='ltr'>hoc</span> <span class='ocrx_word' id='word_1_271' title='bbox 263 1434 337 1466; x_wconf 84' lang='lat' dir='ltr'>loco</span> <span class='ocrx_word' id='word_1_272' title='bbox 360 1434 457 1474; x_wconf 86' lang='lat' dir='ltr'>plane</span> <span class='ocrx_word' id='word_1_273' title='bbox 483 1435 610 1466; x_wconf 87' lang='lat' dir='ltr'>diversi</span> <span class='ocrx_word' id='word_1_274' title='bbox 632 1440 709 1465; x_wconf 87' lang='lat' dir='ltr'>sunt</span> <span class='ocrx_word' id='word_1_275' title='bbox 731 1434 797 1465; x_wconf 86' lang='lat' dir='ltr'>loci</span> <span class='ocrx_word' id='word_1_276' title='bbox 819 1433 916 1473; x_wconf 85' lang='lat' dir='ltr'>XIV,</span> <span class='ocrx_word' id='word_1_277' title='bbox 938 1434 989 1466; x_wconf 80' lang='lat'>57.</span> <span class='ocrx_word' id='word_1_278' title='bbox 1012 1432 1089 1465; x_wconf 81' lang='grc' dir='ltr'><strong><em>κατὰ</em></strong></span> <span class='ocrx_word' id='word_1_279' title='bbox 1109 1436 1175 1466; x_wconf 70' lang='grc' dir='ltr'>νοῦν</span> <span class='ocrx_word' id='word_1_280' title='bbox 1194 1433 1263 1465; x_wconf 75' lang='grc' dir='ltr'><strong><em>τεόν.</em></strong></span> <span class='ocrx_word' id='word_1_281' title='bbox 1287 1431 1388 1472; x_wconf 76' lang='lat' dir='ltr'>XXI,</span> <span class='ocrx_word' id='word_1_282' title='bbox 1408 1434 1461 1467; x_wconf 72' lang='lat'>32.</span> <span class='ocrx_word' id='word_1_283' title='bbox 1481 1434 1556 1467; x_wconf 79' lang='grc' dir='ltr'><em>κατὰ</em></span> <span class='ocrx_word' id='word_1_284' title='bbox 1577 1434 1627 1468; x_wconf 77' lang='grc' dir='ltr'>τὸν</span> <span class='ocrx_word' id='word_1_285' title='bbox 1647 1435 1719 1469; x_wconf 69' lang='grc' dir='ltr'><strong><em>νόον.</em></strong></span> 
     </span>
    </p>
   </div>
   <div class='ocr_carea' id='block_1_5' title="bbox 198 1521 1118 1617">
    <p class='ocr_par' dir='ltr' id='par_1_5' title="bbox 198 1521 1118 1617">
     <span class='ocr_line' id='line_1_26' title="bbox 198 1521 1118 1565; baseline -0.002 -10"><span class='ocrx_word' id='word_1_286' title='bbox 198 1524 243 1555; x_wconf 83' lang='lat' dir='ltr'>V.</span> <span class='ocrx_word' id='word_1_287' title='bbox 264 1525 316 1556; x_wconf 80' lang='lat'>35.</span> <span class='ocrx_word' id='word_1_288' title='bbox 360 1525 420 1555; x_wconf 77' lang='grc' dir='ltr'><strong><em>ἀλλ’</em></strong></span> <span class='ocrx_word' id='word_1_289' title='bbox 444 1524 494 1564; x_wconf 62' lang='grc' dir='ltr'>ἄγε</span> <span class='ocrx_word' id='word_1_290' title='bbox 515 1523 560 1564; x_wconf 51' lang='grc' dir='ltr'>δὴῑ</span> <span class='ocrx_word' id='word_1_291' title='bbox 578 1523 648 1561; x_wconf 78' lang='grc' dir='ltr'><strong><em>ξυνὰ</em></strong></span> <span class='ocrx_word' id='word_1_292' title='bbox 669 1524 724 1565; x_wconf 77' lang='grc' dir='ltr'>γὰρ</span> <span class='ocrx_word' id='word_1_293' title='bbox 745 1525 818 1560; x_wconf 66' lang='grc' dir='ltr'><em>ὁδός»,</em></span> <span class='ocrx_word' id='word_1_294' title='bbox 839 1523 909 1561; x_wconf 74' lang='grc' dir='ltr'>ξυνὰ</span> <span class='ocrx_word' id='word_1_295' title='bbox 931 1522 959 1554; x_wconf 75' lang='grc' dir='ltr'>δὲ</span> <span class='ocrx_word' id='word_1_296' title='bbox 980 1521 1027 1554; x_wconf 70' lang='grc' dir='ltr'>καὶ</span> <span class='ocrx_word' id='word_1_297' title='bbox 1049 1523 1118 1559; x_wconf 80' lang='grc' dir='ltr'>ἀώς,</span> 
     </span>
     <span class='ocr_line' id='line_1_27' title="bbox 359 1573 1087 1617; baseline -0.003 -10"><span class='ocrx_word' id='word_1_298' title='bbox 359 1576 647 1617; x_wconf 68' lang='grc' dir='ltr'><strong><em>βωκο)ζι(ισδώμεσθα’</em></strong></span> <span class='ocrx_word' id='word_1_299' title='bbox 669 1573 730 1616; x_wconf 65' lang='grc' dir='ltr'>τάχ’</span> <span class='ocrx_word' id='word_1_300' title='bbox 756 1574 858 1617; x_wconf 75' lang='grc' dir='ltr'><strong><em>ὤτερος</em></strong></span> <span class='ocrx_word' id='word_1_301' title='bbox 879 1573 965 1606; x_wconf 71' lang='grc' dir='ltr'><strong><em>ἄλλον</em></strong></span> <span class='ocrx_word' id='word_1_302' title='bbox 986 1574 1087 1606; x_wconf 72' lang='grc' dir='ltr'><strong><em>ὀιάσεῖ.</em></strong></span> 
     </span>
    </p>
   </div>
   <div class='ocr_carea' id='block_1_6' title="bbox 114 1648 1778 2171">
    <p class='ocr_par' dir='ltr' id='par_1_6' title="bbox 114 1648 1778 2171">
     <span class='ocr_line' id='line_1_28' title="bbox 201 1648 1778 1689; baseline 0.001 -9"><span class='ocrx_word' id='word_1_303' title='bbox 201 1649 308 1680; x_wconf 83' lang='lat' dir='ltr'>Sicu-ti</span> <span class='ocrx_word' id='word_1_304' title='bbox 332 1650 366 1678; x_wconf 83' lang='lat' dir='ltr'>in</span> <span class='ocrx_word' id='word_1_305' title='bbox 390 1649 547 1679; x_wconf 77' lang='lat' dir='ltr'>familiari</span> <span class='ocrx_word' id='word_1_306' title='bbox 571 1660 719 1680; x_wconf 81' lang='lat' dir='ltr'>sermone</span> <span class='ocrx_word' id='word_1_307' title='bbox 744 1648 968 1689; x_wconf 80' lang='lat' dir='ltr'>negligentius</span> <span class='ocrx_word' id='word_1_308' title='bbox 990 1648 1215 1686; x_wconf 79' lang='lat' dir='ltr'>respondetur,</span> <span class='ocrx_word' id='word_1_309' title='bbox 1246 1648 1291 1678; x_wconf 87' lang='lat' dir='ltr'>ita</span> <span class='ocrx_word' id='word_1_310' title='bbox 1314 1648 1345 1680; x_wconf 84' lang='lat' dir='ltr'>h.</span> <span class='ocrx_word' id='word_1_311' title='bbox 1368 1649 1392 1680; x_wconf 85' lang='lat' dir='ltr'>l.</span> <span class='ocrx_word' id='word_1_312' title='bbox 1418 1650 1538 1680; x_wconf 83' lang='lat' dir='ltr'>factum</span> <span class='ocrx_word' id='word_1_313' title='bbox 1562 1655 1624 1681; x_wconf 83' lang='lat' dir='ltr'>est.</span> <span class='ocrx_word' id='word_1_314' title='bbox 1666 1648 1778 1683; x_wconf 75' lang='lat' dir='ltr'>Voca-</span> 
     </span>
     <span class='ocr_line' id='line_1_29' title="bbox 114 1698 1773 1746; baseline 0.001 -12"><span class='ocrx_word' id='word_1_315' title='bbox 114 1703 229 1735; x_wconf 86' lang='lat' dir='ltr'>bulum</span> <span class='ocrx_word' id='word_1_316' title='bbox 259 1702 320 1737; x_wconf 76' lang='grc' dir='ltr'>ἀὼς</span> <span class='ocrx_word' id='word_1_317' title='bbox 348 1703 417 1732; x_wconf 82' lang='lat' dir='ltr'>fere</span> <span class='ocrx_word' id='word_1_318' title='bbox 448 1712 559 1733; x_wconf 86' lang='lat' dir='ltr'>onmes</span> <span class='ocrx_word' id='word_1_319' title='bbox 592 1704 788 1743; x_wconf 75' lang='lat' dir='ltr'>interpretes</span> <span class='ocrx_word' id='word_1_320' title='bbox 820 1704 1019 1733; x_wconf 81' lang='lat' dir='ltr'>recentiores</span> <span class='ocrx_word' id='word_1_321' title='bbox 1042 1701 1182 1742; x_wconf 80' lang='lat' dir='ltr'>(Kiessl.</span> <span class='ocrx_word' id='word_1_322' title='bbox 1216 1698 1400 1733; x_wconf 59' lang='lat' dir='ltr'>questem.</span> <span class='ocrx_word' id='word_1_323' title='bbox 1425 1702 1605 1733; x_wconf 86' lang='lat' dir='ltr'>Burchard.</span> <span class='ocrx_word' id='word_1_324' title='bbox 1632 1714 1665 1745; x_wconf 82' lang='lat' dir='ltr'>p.</span> <span class='ocrx_word' id='word_1_325' title='bbox 1687 1705 1773 1746; x_wconf 73' lang='lat'><strong>234.)</strong></span> 
     </span>
     <span class='ocr_line' id='line_1_30' title="bbox 117 1754 1777 1798; baseline 0.001 -11"><span class='ocrx_word' id='word_1_326' title='bbox 117 1755 311 1798; x_wconf 87' lang='lat' dir='ltr'>intelligunt</span> <span class='ocrx_word' id='word_1_327' title='bbox 335 1756 401 1795; x_wconf 87' lang='lat' dir='ltr'>„de</span> <span class='ocrx_word' id='word_1_328' title='bbox 427 1761 495 1785; x_wconf 87' lang='lat' dir='ltr'>toto</span> <span class='ocrx_word' id='word_1_329' title='bbox 512 1756 602 1785; x_wconf 87' lang='lat' dir='ltr'>die.“</span> <span class='ocrx_word' id='word_1_330' title='bbox 627 1754 721 1791; x_wconf 83' lang='lat' dir='ltr'>Quod</span> <span class='ocrx_word' id='word_1_331' title='bbox 747 1757 810 1786; x_wconf 77' lang='lat' dir='ltr'>etsi</span> <span class='ocrx_word' id='word_1_332' title='bbox 835 1755 867 1786; x_wconf 87' lang='lat' dir='ltr'>in</span> <span class='ocrx_word' id='word_1_333' title='bbox 891 1755 969 1786; x_wconf 83' lang='lat' dir='ltr'>aliis</span> <span class='ocrx_word' id='word_1_334' title='bbox 990 1755 1074 1786; x_wconf 91' lang='lat' dir='ltr'>locis</span> <span class='ocrx_word' id='word_1_335' title='bbox 1086 1755 1216 1786; x_wconf 78' lang='lat' dir='ltr'>Aurora</span> <span class='ocrx_word' id='word_1_336' title='bbox 1235 1766 1294 1796; x_wconf 91' lang='lat' dir='ltr'>pro</span> <span class='ocrx_word' id='word_1_337' title='bbox 1308 1756 1360 1787; x_wconf 90' lang='lat' dir='ltr'>die</span> <span class='ocrx_word' id='word_1_338' title='bbox 1385 1756 1450 1786; x_wconf 90' lang='lat' dir='ltr'>dici</span> <span class='ocrx_word' id='word_1_339' title='bbox 1471 1767 1569 1796; x_wconf 84' lang='lat' dir='ltr'>posse</span> <span class='ocrx_word' id='word_1_340' title='bbox 1592 1754 1639 1798; x_wconf 88' lang='lat' dir='ltr'>[e.</span> <span class='ocrx_word' id='word_1_341' title='bbox 1660 1769 1687 1788; x_wconf 88' lang='lat' dir='ltr'>c.</span> <span class='ocrx_word' id='word_1_342' title='bbox 1705 1755 1777 1789; x_wconf 78' lang='lat' dir='ltr'>haec</span> 
     </span>
     <span class='ocr_line' id='line_1_31' title="bbox 115 1805 1769 1848; baseline 0.001 -10"><span class='ocrx_word' id='word_1_343' title='bbox 115 1808 197 1839; x_wconf 84' lang='lat' dir='ltr'>mihi</span> <span class='ocrx_word' id='word_1_344' title='bbox 218 1808 337 1838; x_wconf 82' lang='lat' dir='ltr'>illuxit</span> <span class='ocrx_word' id='word_1_345' title='bbox 361 1807 501 1837; x_wconf 83' lang='lat' dir='ltr'>Aurora.</span> <span class='ocrx_word' id='word_1_346' title='bbox 526 1806 579 1836; x_wconf 84' lang='lat' dir='ltr'>vel</span> <span class='ocrx_word' id='word_1_347' title='bbox 602 1805 792 1844; x_wconf 74' lang='lat' dir='ltr'>XI1‚1.1310</span> <span class='ocrx_word' id='word_1_348' title='bbox 812 1806 954 1847; x_wconf 83' lang='lat' dir='ltr'>111(v1),</span> <span class='ocrx_word' id='word_1_349' title='bbox 968 1806 1033 1848; x_wconf 71' lang='lat'>18]</span> <span class='ocrx_word' id='word_1_350' title='bbox 1044 1808 1175 1836; x_wconf 85' lang='lat' dir='ltr'>minime</span> <span class='ocrx_word' id='word_1_351' title='bbox 1189 1817 1286 1847; x_wconf 79' lang='lat' dir='ltr'>nego,</span> <span class='ocrx_word' id='word_1_352' title='bbox 1310 1813 1416 1836; x_wconf 85' lang='lat' dir='ltr'>tamen</span> <span class='ocrx_word' id='word_1_353' title='bbox 1428 1807 1487 1836; x_wconf 87' lang='lat' dir='ltr'>hoc</span> <span class='ocrx_word' id='word_1_354' title='bbox 1501 1807 1573 1837; x_wconf 92' lang='lat' dir='ltr'>loco</span> <span class='ocrx_word' id='word_1_355' title='bbox 1593 1808 1769 1840; x_wconf 87' lang='lat' dir='ltr'>dissentio.</span> 
     </span>
     <span class='ocr_line' id='line_1_32' title="bbox 116 1856 1777 1899; baseline 0.001 -9"><span class='ocrx_word' id='word_1_356' title='bbox 116 1859 314 1891; x_wconf 85' lang='lat' dir='ltr'>Rectissime</span> <span class='ocrx_word' id='word_1_357' title='bbox 338 1857 553 1888; x_wconf 80' lang='lat' dir='ltr'>intellexisse</span> <span class='ocrx_word' id='word_1_358' title='bbox 575 1856 657 1887; x_wconf 88' lang='lat' dir='ltr'>mihi</span> <span class='ocrx_word' id='word_1_359' title='bbox 680 1858 811 1887; x_wconf 86' lang='lat' dir='ltr'>videtur</span> <span class='ocrx_word' id='word_1_360' title='bbox 835 1858 994 1889; x_wconf 88' lang='lat' dir='ltr'>Reiskius</span> <span class='ocrx_word' id='word_1_361' title='bbox 1018 1858 1099 1888; x_wconf 83' lang='lat' dir='ltr'>hanc</span> <span class='ocrx_word' id='word_1_362' title='bbox 1124 1868 1237 1888; x_wconf 81' lang='lat' dir='ltr'>vocem</span> <span class='ocrx_word' id='word_1_363' title='bbox 1260 1858 1309 1887; x_wconf 85' lang='lat' dir='ltr'>de</span> <span class='ocrx_word' id='word_1_364' title='bbox 1332 1864 1518 1899; x_wconf 84' lang='lat' dir='ltr'>tempore</span> <span class='ocrx_word' id='word_1_365' title='bbox 1550 1862 1709 1891; x_wconf 85' lang='lat' dir='ltr'>anteme</span> <span class='ocrx_word' id='word_1_366' title='bbox 1721 1863 1777 1892; x_wconf 86' lang='lat' dir='ltr'>ri-</span> 
     </span>
     <span class='ocr_line' id='line_1_33' title="bbox 119 1907 1776 1954; baseline 0.001 -11"><span class='ocrx_word' id='word_1_367' title='bbox 119 1912 266 1946; x_wconf 83' lang='lat' dir='ltr'>diano3</span> <span class='ocrx_word' id='word_1_368' title='bbox 300 1921 398 1951; x_wconf 88' lang='lat' dir='ltr'>supra</span> <span class='ocrx_word' id='word_1_369' title='bbox 431 1912 516 1941; x_wconf 90' lang='lat' dir='ltr'>enim</span> <span class='ocrx_word' id='word_1_370' title='bbox 550 1911 595 1952; x_wconf 81' lang='lat' dir='ltr'>(v.</span> <span class='ocrx_word' id='word_1_371' title='bbox 620 1911 790 1951; x_wconf 74' lang='lat'><strong>21—23.)</strong></span> <span class='ocrx_word' id='word_1_372' title='bbox 819 1907 1015 1942; x_wconf 82' lang='lat' dir='ltr'>Simichidas</span> <span class='ocrx_word' id='word_1_373' title='bbox 1039 1918 1155 1942; x_wconf 79' lang='lat' dir='ltr'>aestum</span> <span class='ocrx_word' id='word_1_374' title='bbox 1176 1919 1421 1942; x_wconf 78' lang='lat' dir='ltr'>memoraverat.</span> <span class='ocrx_word' id='word_1_375' title='bbox 1457 1911 1647 1954; x_wconf 87' lang='lat' dir='ltr'>Comparari</span> <span class='ocrx_word' id='word_1_376' title='bbox 1668 1916 1776 1951; x_wconf 78' lang='lat' dir='ltr'>potest</span> 
     </span>
     <span class='ocr_line' id='line_1_34' title="bbox 117 1964 1773 2006; baseline 0 -9"><span class='ocrx_word' id='word_1_377' title='bbox 117 1965 255 1996; x_wconf 88' lang='lat' dir='ltr'>Dissen.</span> <span class='ocrx_word' id='word_1_378' title='bbox 270 1964 389 2003; x_wconf 86' lang='lat' dir='ltr'>Opusc.</span> <span class='ocrx_word' id='word_1_379' title='bbox 413 1976 442 2003; x_wconf 89' lang='lat' dir='ltr'>p.</span> <span class='ocrx_word' id='word_1_380' title='bbox 469 1966 538 1997; x_wconf 82' lang='lat'><strong>133.</strong></span> <span class='ocrx_word' id='word_1_381' title='bbox 571 1965 662 1995; x_wconf 84' lang='lat' dir='ltr'>Dicit</span> <span class='ocrx_word' id='word_1_382' title='bbox 686 1966 788 2006; x_wconf 84' lang='lat' dir='ltr'>igitur</span> <span class='ocrx_word' id='word_1_383' title='bbox 809 1965 1023 1996; x_wconf 84' lang='lat' dir='ltr'>Simichidas:</span> <span class='ocrx_word' id='word_1_384' title='bbox 1047 1975 1130 1995; x_wconf 85' lang='lat' dir='ltr'>una</span> <span class='ocrx_word' id='word_1_385' title='bbox 1151 1964 1281 1995; x_wconf 85' lang='lat' dir='ltr'>nobis</span> <span class='ocrx_word' id='word_1_386' title='bbox 1305 1971 1371 1995; x_wconf 82' lang='lat' dir='ltr'>est</span> <span class='ocrx_word' id='word_1_387' title='bbox 1395 1967 1473 2004; x_wconf 80' lang='lat' dir='ltr'>via,</span> <span class='ocrx_word' id='word_1_388' title='bbox 1497 1976 1576 1996; x_wconf 89' lang='lat' dir='ltr'>una</span> <span class='ocrx_word' id='word_1_389' title='bbox 1598 1965 1773 2006; x_wconf 86' lang='lat' dir='ltr'>Aurora,</span> 
     </span>
     <span class='ocr_line' id='line_1_35' title="bbox 117 2020 1773 2061; baseline 0.002 -9"><span class='ocrx_word' id='word_1_390' title='bbox 117 2023 141 2053; x_wconf 82' lang='lat' dir='ltr'>i.</span> <span class='ocrx_word' id='word_1_391' title='bbox 173 2032 201 2052; x_wconf 87' lang='lat' dir='ltr'>e.</span> <span class='ocrx_word' id='word_1_392' title='bbox 234 2020 383 2052; x_wconf 89' lang='lat' dir='ltr'>eodem</span> <span class='ocrx_word' id='word_1_393' title='bbox 422 2021 537 2053; x_wconf 86' lang='lat' dir='ltr'>ambo</span> <span class='ocrx_word' id='word_1_394' title='bbox 570 2022 927 2061; x_wconf 84' lang='lat' dir='ltr'>proficiscimur,</span> <span class='ocrx_word' id='word_1_395' title='bbox 969 2023 1116 2053; x_wconf 88' lang='lat' dir='ltr'>eadem</span> <span class='ocrx_word' id='word_1_396' title='bbox 1157 2032 1315 2053; x_wconf 81' lang='lat' dir='ltr'>aurora</span> <span class='ocrx_word' id='word_1_397' title='bbox 1354 2023 1640 2054; x_wconf 84' lang='lat' dir='ltr'>instituimus</span> <span class='ocrx_word' id='word_1_398' title='bbox 1673 2023 1773 2058; x_wconf 83' lang='lat' dir='ltr'>iter.</span> 
     </span>
     <span class='ocr_line' id='line_1_36' title="bbox 120 2074 1775 2117; baseline 0.002 -12"><span class='ocrx_word' id='word_1_399' title='bbox 120 2074 249 2111; x_wconf 76' lang='lat' dir='ltr'>Quodsi</span> <span class='ocrx_word' id='word_1_400' title='bbox 275 2074 474 2105; x_wconf 87' lang='lat' dir='ltr'>Theocritus</span> <span class='ocrx_word' id='word_1_401' title='bbox 499 2082 601 2106; x_wconf 85' lang='lat' dir='ltr'>totum</span> <span class='ocrx_word' id='word_1_402' title='bbox 632 2075 719 2105; x_wconf 88' lang='lat' dir='ltr'>diem</span> <span class='ocrx_word' id='word_1_403' title='bbox 750 2075 898 2117; x_wconf 88' lang='lat' dir='ltr'>intelligi</span> <span class='ocrx_word' id='word_1_404' title='bbox 928 2075 1105 2113; x_wconf 78' lang='lat' dir='ltr'>voluisset,</span> <span class='ocrx_word' id='word_1_405' title='bbox 1136 2074 1221 2106; x_wconf 86' lang='lat' dir='ltr'>haud</span> <span class='ocrx_word' id='word_1_406' title='bbox 1244 2075 1342 2106; x_wconf 89' lang='lat' dir='ltr'>dubie</span> <span class='ocrx_word' id='word_1_407' title='bbox 1363 2077 1554 2116; x_wconf 80' lang='lat' dir='ltr'>scripsisset</span> <span class='ocrx_word' id='word_1_408' title='bbox 1575 2075 1656 2113; x_wconf 74' lang='grc' dir='ltr'>ξυνὸν</span> <span class='ocrx_word' id='word_1_409' title='bbox 1677 2077 1706 2109; x_wconf 80' lang='grc' dir='ltr'>δὲ</span> <span class='ocrx_word' id='word_1_410' title='bbox 1726 2075 1775 2109; x_wconf 76' lang='grc' dir='ltr'>καὶ</span> 
     </span>
     <span class='ocr_line' id='line_1_37' title="bbox 119 2123 1776 2171; baseline 0.003 -15"><span class='ocrx_word' id='word_1_411' title='bbox 119 2123 257 2167; x_wconf 78' lang='grc' dir='ltr'><em>ἆμαρ.-</em></span> <span class='ocrx_word' id='word_1_412' title='bbox 278 2125 393 2157; x_wconf 87' lang='lat' dir='ltr'>Verba</span> <span class='ocrx_word' id='word_1_413' title='bbox 416 2133 565 2158; x_wconf 85' lang='lat' dir='ltr'>extrema</span> <span class='ocrx_word' id='word_1_414' title='bbox 584 2128 633 2158; x_wconf 86' lang='lat' dir='ltr'>sic</span> <span class='ocrx_word' id='word_1_415' title='bbox 655 2128 743 2168; x_wconf 82' lang='lat' dir='ltr'>capit</span> <span class='ocrx_word' id='word_1_416' title='bbox 765 2124 974 2158; x_wconf 63' lang='lat' dir='ltr'>questein.:</span> <span class='ocrx_word' id='word_1_417' title='bbox 999 2128 1168 2167; x_wconf 81' lang='lat' dir='ltr'>„sortasse</span> <span class='ocrx_word' id='word_1_418' title='bbox 1188 2126 1272 2159; x_wconf 82' lang='lat' dir='ltr'>alter</span> <span class='ocrx_word' id='word_1_419' title='bbox 1294 2127 1335 2159; x_wconf 79' lang='lat' dir='ltr'>ab</span> <span class='ocrx_word' id='word_1_420' title='bbox 1358 2127 1464 2163; x_wconf 78' lang='lat' dir='ltr'>altero</span> <span class='ocrx_word' id='word_1_421' title='bbox 1487 2127 1615 2171; x_wconf 74' lang='lat' dir='ltr'>aliquid</span> <span class='ocrx_word' id='word_1_422' title='bbox 1633 2128 1776 2170; x_wconf 82' lang='lat' dir='ltr'>discat‚“</span> 
     </span>
    </p>
   </div>
  </div>
 </body>
</html>
