1872 2345
815 65 1042 104 ..3,-

93 156 169 190 nav&
191 168 243 200 ap.
265 156 399 189 Homer.
442 154 568 200 (Viteb.
592 155 686 197 1831)
707 164 741 198 p.
762 155 815 188 ³0.
836 155 1101 197 praepositionem
1121 154 1198 187 κατὰ
1220 155 1252 188 h.
1274 154 1299 187 l.
1322 156 1429 198 magis
1451 165 1633 198 congruere
1654 160 1746 196 putat

93 215 224 245 Latinis
257 215 369 256 apud
391 213 446 245 vel
473 215 626 255 juxta,
658 212 843 243 Hei-manus
876 211 998 251 Opusc.
1025 211 1068 242 V.
1091 223 1124 253 p.
1144 213 1205 251 50,
1236 214 1439 251 pertineatne
1460 212 1524 244 huc
1545 213 1747 255 significatio

93 281 111 302 e
133 272 332 313 regione,
355 277 514 309 contra,
537 280 577 301 an
599 269 697 300 aliter
708 270 754 301 sit
773 261 872 300 locus'
885 268 1137 310 intelligendus,
1158 270 1193 299 in
1216 268 1368 311 ambiguo
1384 269 1555 309 relinquit.
1579 269 1746 302 Greverus

93 328 232 370 denique
260 330 295 359 in
327 327 467 366 libello,
498 337 593 369 quem
624 328 674 358 sic
704 328 899 368 inscriptum
923 327 1045 357 edidit:
1084 326 1208 356 Kleiue
1229 325 1385 368 Beilrffige
1405 337 1461 357 zm·
1480 326 1667 369 Erklt'irmtg
1685 329 1749 359 und

91 384 203 417 Kra’ta’k
229 386 286 416 der
312 384 441 425 Idyllen
474 384 641 416 Theokrils.
685 383 821 415 Breuem
841 384 923 415 1830
944 395 980 425 p.
998 384 1029 416 3.
1056 383 1119 415 κατ’
1133 382 1229 414 αὐτὸν
1258 389 1416 414 mutatum
1444 384 1517 415 vult
1546 386 1581 415 in
1602 384 1745 417 κάτωθεν.

93 440 182 478 Quid
204 443 307 482 igitur
327 441 442 472 horum
463 443 606 473 omnium
628 453 741 473 verum
764 441 839 481 est?
864 440 951 472 Mihi
974 441 1105 472 videtur
1127 440 1220 472 locus
1242 442 1290 472 ita
1309 442 1568 479 interpretandus
1591 453 1686 481 esse,
1712 450 1746 473 ut

91 499 152 530 κατ’
185 498 271 530 αὐτὸν
298 499 491 537 respondeat
511 499 641 530 Latinis
671 499 828 530 secund
841 509 902 528 um
934 507 1021 529 eam
1045 507 1090 528 se.
1120 497 1272 529 hederam
1295 508 1345 529 an
1378 498 1444 528 ibn
1474 497 1543 528 hin
1569 499 1748 541 echlffngelt

93 554 158 586 cicli
178 556 237 586 dus
263 554 406 586 Geranke
424 555 622 597 geschmilckt
641 559 698 587 mit
717 556 775 587 der
794 554 1058 596 msrunsarbigen
1079 553 1211 587 Frucht.
1256 554 1465 586 Vocabulum
1489 556 1573 595 quod
1597 558 1746 599 sequitur

92 612 228 644 ἔντοσθεν
251 613 304 653 (de
326 615 419 653 cujus
450 614 555 644 forma
587 614 750 651 Spitzner.
775 615 808 643 in
835 613 876 644 ll.
900 612 971 651 vl,
999 614 1071 645 364.
1095 613 1253 653 loquitur)
1277 623 1341 643 non
1364 617 1416 643 est
1445 613 1532 651 „suh
1554 613 1745 646 hederaceis

92 668 165 700 illis
184 669 322 715 corollis¹
344 671 487 711 desuper
505 669 762 710 pendentibus“,
789 676 825 700 ut
843 670 945 710 vulgo
963 671 1238 710 interpretantur,
1261 680 1366 707 neque
1386 669 1474 707 „snb
1498 669 1627 700 hederae
1648 671 1746 702 flexi-

94 725 192 765 bus“‚
213 727 270 757 sed
294 728 402 765 potius
425 730 591 768 praeeunte
610 726 759 768 Virgilio
783 726 868 767 (Ecl.
880 726 938 765 111,
957 727 1032 767 40):
1055 727 1095 757 in
1116 727 1265 767 medio,
1287 727 1392 763 duriti,
1415 728 1449 756 iu
1469 726 1527 756 der
1547 725 1649 758 illiue
1670 729 1693 759 i.
1716 740 1744 759 e.

93 785 133 814 t'm
153 782 281 814 Raucae
299 783 355 814 des
376 783 534 815 Becherr:
566 783 666 814 Recte
689 782 800 814 Schol.
824 782 887 824 dni
906 786 958 815 τοῦ
978 782 1062 815 ἔνδον.

175 840 219 872 V.
245 842 297 874 39.
340 846 399 877 τοῖς
427 839 457 873 δὲ
476 841 555 881 μέτα.
597 840 671 872 Non
701 841 834 872 videtur
857 851 936 872 vera
965 851 1040 872 esse
1073 840 1252 879 explicatio
1282 838 1441 870 Schaeferi
1470 845 1629 878 praeter
1657 840 1744 880 hos,
1801 876 1803 878 ,

93 908 186 936 quam
209 904 241 928 et
262 897 390 928 Kiessl.
412 904 445 928 et
467 896 599 929 Wuest.
622 897 859 936 probaverunt;
893 899 1016 929 rectius
1048 899 1274 937 interpreteris
1300 898 1402 938 juxta
1434 906 1491 927 eos
1521 897 1618 928 neben
1643 897 1742 930 illaten-

92 954 129 985 ln
151 954 248 994 locis,
271 966 350 994 quos
373 962 537 997 comparat
561 954 747 987 Schaeferus
768 954 884 994 XVII,
906 959 957 989 84.
981 955 1100 995 XXV,
1127 951 1196 988 12'9.
1220 954 1406 997 significat:
1427 960 1529 984 unte
1541 966 1568 986 r.

175 1050 218 1081 V.
240 1052 283 1083 40
283 1072 507 1083 .....
551 1049 677 1083 σπεύδων
695 1050 766 1092 μέγα
787 1050 896 1083 δίκτυον
915 1052 944 1088 ἐς
963 1051 1047 1093 βόλον
1067 1050 1144 1084 ἕλκει.

178 1124 279 1165 ,,ἔλκει,
301 1123 501 1155 verriculum
528 1135 588 1166 per
609 1125 714 1156 undas
736 1123 856 1164 trahit,
885 1124 971 1167 quod
999 1136 1179 1156 verrere
1208 1136 1320 1156 mare
1353 1123 1484 1155 dicitur.
1528 1123 1565 1155 F.
1594 1123 1649 1155 J.“
1694 1123 1743 1156 Ita

93 1183 127 1213 in
150 1180 401 1214 Wuestemanni
424 1181 579 1213 editione.
622 1181 668 1213 At
691 1181 791 1212 verba
811 1181 966 1213 denotare
988 1188 1166 1224 nequeunt,
1187 1192 1297 1212 senem
1318 1187 1399 1220 rete,
1423 1183 1458 1212 in
1476 1191 1564 1212 mare
1580 1182 1650 1221 jam
1670 1192 1744 1223 pro-

88 1234 234 1280 jectum,
265 1249 322 1277 per
349 1239 452 1269 undas
482 1238 612 1269 trahere
634 1240 706 1280 (dae
727 1238 898 1269 Einziehen
918 1239 974 1269 dex
995 1238 1144 1280 Netzee),
1181 1239 1239 1268 sed
1267 1238 1476 1279 significant,
1510 1244 1581 1268 rete
1611 1240 1741 1268 immitti

92 1296 220 1327 demum
242 1297 324 1326 mari
346 1307 366 1326 a
387 1307 466 1326 sene
489 1296 561 1336 (dar
578 1296 788 1337 Auneerfkn).
813 1296 912 1327 Recte
933 1295 1040 1326 locum
1060 1294 1231 1327 intellexit
1255 1294 1458 1326 Scholiastes
1479 1296 1535 1337 qui
1557 1295 1744 1326 adnotavit:

90 1352 160 1385 ἕλκει
180 1354 208 1388 ε’,-
227 1353 311 1394 βόλον
331 1352 414 1393 ἤγουν
434 1353 472 1388 εἰς
494 1352 592 1394 ἄγραν,
613 1354 663 1388 εἰς
682 1352 723 1384 τὸ
743 1352 851 1394 ῥίψαι
871 1350 916 1384 ἐπὶ
937 1352 1034 1394 ἄγραν.
1063 1351 1121 1384 Uti
1138 1351 1169 1382 h.
1193 1351 1217 1383 l.
1250 1352 1340 1392 πέτρα
1360 1353 1472 1394 λεπράς,
1493 1353 1537 1393 ἐφ’
1559 1350 1579 1393 ᾇ
1609 1353 1744 1391 dicitur,

91 1413 138 1441 ita
159 1410 242 1449 apud
265 1409 361 1440 Hom.
386 1410 450 1440 Od.
473 1409 552 1447 XlI,
575 1411 645 1441 252.
668 1408 712 1441 ἐπὶ
736 1410 873 1452 προβόλῳ.

175 1466 217 1497 V.
239 1468 290 1498 52.
332 1467 525 1508 duqtdootsuav
548 1467 682 1508 scripsit
706 1478 749 1498 ex
772 1467 899 1510 aliquot
918 1466 1086 1498 codicibus
1111 1465 1321 1505 Meinekius,
1350 1466 1566 1508 probantibus
1591 1469 1624 1497 et
1645 1464 1743 1498 Bois-

91 1521 214 1556 sonado
239 1530 271 1554 et
289 1522 559 1554 Wuestemanno.
603 1523 698 1555 Hanc
728 1525 944 1565 scripturam,
971 1534 1065 1563 quam
1089 1525 1158 1564 jam
1181 1522 1325 1554 Dahlius
1349 1524 1382 1554 in
1405 1524 1585 1554 orationem
1607 1530 1742 1556 contex-

91 1589 155 1613 tam
178 1592 273 1623 quam
293 1587 410 1611 vocant
433 1585 620 1622 receperat,
646 1581 836 1612 Meinekius
856 1588 1030 1623 propterea
1051 1592 1162 1612 veram
1184 1581 1302 1620 habet,
1334 1582 1420 1623 quod
1443 1582 1636 1622 ἀκριδοθῆκαν
1657 1582 1742 1613 nihil

92 1639 183 1670 uliud
205 1637 395 1680 significare
418 1639 534 1677 possit,
555 1639 622 1669 nisi
641 1637 841 1669 locustarum
861 1639 1076 1669 venationem.
1122 1638 1186 1669 Sed
1208 1639 1364 1669 dissentit
1385 1632 1530 1669 Lob'eek.
1575 1637 1741 1680 paralipp.

91 1708 126 1738 p.
144 1696 216 1728 375.
236 1704 383 1734 monens,
405 1693 590 1726 nominibus
613 1695 647 1725 in
668 1694 745 1735 θήκη
768 1694 968 1727 exeuntibus
993 1694 1177 1737 significari
1201 1695 1313 1727 thecas
1338 1696 1410 1727 sive
1429 1694 1612 1734 apothecas,
1635 1705 1740 1728 arma-

91 1754 140 1784 ria
163 1758 195 1783 et
216 1752 411 1790 repositoria
433 1761 541 1782 rerum
564 1752 832 1790 inanimatarum,
871 1752 1061 1794 ἄκριδοθήκην
1089 1759 1197 1783 autem
1219 1763 1283 1783 non
1306 1753 1411 1794 magis
1435 1751 1500 1781 dici
1522 1761 1622 1792 posse
1645 1762 1741 1792 quam

90 1810 235 1852 βουθήκιῑν
254 1808 308 1839 vel
329 1809 521 1850 ὄρνιθοθήκιῑν
543 1818 601 1851 pro
623 1808 794 1840 vocabulis
814 1810 1002 1852 βουσταθμός
1021 1815 1053 1840 et
1075 1810 1199 1851 ὀρνιθών
1222 1811 1294 1842 sive
1317 1810 1535 1852 ὀρνιθοκομεῖω.
1554 1807 1667 1849 Itaque
1691 1810 1741 1841 in-

92 1872 290 1908 terpretatur
312 1866 506 1907 ἀκριδοθήρα-ιν
529 1876 697 1897 caveam
723 1867 1015 1899 asservandis
1036 1866 1260 1907 locustis,
1286 1867 1489 1898 locustarum
1510 1872 1619 1897 autem
1641 1876 1740 1899 vena-

93 1927 214 1955 tionem
233 1933 296 1953 non
315 1923 509 1964 ἀκριδοθῆραν
525 1924 589 1954 (lici
611 1923 798 1963 arbitratur,
819 1925 878 1955 sed
895 1925 1106 1966 ἀκριδοθηρίαν,
1128 1924 1260 1955 collatis
1282 1923 1419 1955 vocibus
1433 1924 1571 1964 εὗθηρία,
1592 1925 1739 1965 δυςθηράι,

92 1982 254 2022 φιλοθηρία.
276 1980 369 2010 nanc
385 1980 545 2011 Lobeckii
564 1982 723 2011 rationem
739 1982 882 2012 refutare
901 1983 1029 2012 studuit
1045 1981 1232 2012 Mehlhorn.
1255 1983 1302 2022 (in
1310 1981 1448 2022 Ephem.
1471 1981 1624 2011 Hallens.
1648 1983 1745 2013 1832

92 2037 134 2069 Ν.
166 2039 217 2070 67.
244 2049 275 2078 p.
298 2037 372 2077 536)
399 2036 490 2067 hisce
521 2037 670 2069 verbis.“
719 2037 821 2069 Wetm
850 2038 929 2070 auch
958 2040 1036 2079 θήκη
1058 2044 1145 2070 comt
1165 2049 1224 2069 nur
1244 2049 1304 2069 von
1321 2038 1512 2070 unbelebeen
1529 2037 1660 2079 Diagen
1681 2049 1738 2080 ge-

92 2093 223 2126 brauclat
237 2096 330 2133 ωιϊᾱ,
347 2095 412 2126 und
429 2105 499 2126 mtm
519 2106 547 2126 z.
570 2095 609 2126 B.
632 2095 718 2127 nicht
737 2096 865 2138 βουθὴκη
885 2107 985 2138 tugen
1005 2098 1126 2134 kdanzc,
1148 2107 1184 2128 oo
1199 2097 1279 2142 lim!
1294 2095 1360 2127 siclt
1374 2096 1453 2128 doch
1466 2095 1554 2128 nicht
1565 2095 1739 2138 unbedingt

91 2150 236 2191 leugueu,
254 2153 329 2182 dues
351 2151 430 2183 anch
448 2153 551 2183 diem
572 2152 674 2192 Wart,
696 2154 862 2185 bemdere
880 2164 941 2185 von
960 2164 995 2185 so
1016 2154 1138 2190 Hemesa
1158 2152 1299 2192 Theren,
1320 2156 1353 2184 εἰ·
1372 2154 1521 2195 tuasger-
1528 2152 1617 2185 Rode
1632 2153 1736 2186 eeeken
