1872 2345
800 77 1056 117 ...14-

94 171 182 203 facto
204 179 269 200 non
292 170 380 200 inest
402 167 481 200 huic
505 167 580 200 loco
596 168 738 200 obscura
760 168 936 200 verborum
960 170 1194 211 consequuta),
1218 180 1313 211 quam
1335 171 1567 203 animadvertit
1589 170 1760 205 Greverus

96 229 179 267 (man
202 230 346 258 verutis-rt
368 226 523 258 dar-cltum
544 229 614 257 eine
635 228 723 258 klare
748 226 792 257 W
791 227 954 267 orU'olge)‚
977 227 1037 257 sed
1061 230 1178 260 omnia
1197 230 1371 268 perspicuo
1392 235 1578 271 patescunt.

182 317 225 349 V.
246 317 290 350 '72
291 339 569 350 ......
632 317 684 360 ἐγὼ
708 318 740 350 δέ
759 319 785 351 οἱ
805 318 825 350 ἁ
847 318 1011 360 μεγάλοιτος

343 374 490 415 ὡμάρτευν
500 374 615 417 βύσσοιο
637 375 724 407 καλὸν
744 376 863 416 σύροισα
884 379 1000 416 χιτῶνα,

340 433 597 474 κάμφιστειλαμένα
618 433 672 465 τὰν
692 433 809 471 ξυστίδα
829 436 883 469 τᾶς
911 432 1102 475 Κλεαρῖστας.

179 507 233 539 De
257 506 358 538 verbo
381 507 517 548 ὁμαρτεῖν,
541 507 626 548 quod
652 507 765 538 Schol.
797 508 829 539 h.
854 507 878 538 l.
902 509 1027 549 pariter
1051 513 1148 549 atque
1172 508 1258 549 apud
1269 507 1450 541 Homerum
1472 510 1639 543 ἀκολουθεῖν
1660 511 1760 542 inter-

95 572 279 608 pretantur,
305 575 364 595 suo
387 575 473 595 more
497 563 677 605 diligenter
702 566 862 596 disseruit
885 565 1050 606 Spitzner.
1073 565 1218 596 Excurs.
1239 564 1306 596 XII
1325 566 1359 596 in
1378 566 1417 597 ll.
1441 568 1469 604 ξ.
1493 570 1523 600 2.
1549 567 1586 599 In
1610 574 1758 599 extremo

94 633 195 653 versu
209 621 396 652 Meinekius
407 621 473 652 τὰν
493 621 676 662 Κλεαρίστας
687 624 822 660 recepit,
844 633 913 660 quae
927 624 1102 663 scriptura,
1114 624 1142 653 si
1156 633 1227 653 mea
1239 633 1290 653 me
1303 633 1366 652 non
1378 623 1604 664 fallitopinio,
1620 636 1639 655 a
1652 629 1759 657 mente

95 684 202 722 poetae
230 678 340 708 aliena
364 685 425 709 est.
469 677 555 709 Sane
579 679 709 717 quidem
738 691 850 711 omnes
873 681 1072 721 interpretes
1095 680 1241 721 cogitant
1259 680 1297 710 de
1321 691 1429 719 more,
1453 692 1494 712 ex
1520 691 1582 720 quo
1606 683 1640 713 in
1661 682 1758 714 festis

97 736 316 769 sollemnibus
344 738 559 777 pauperiores
584 736 625 767 ab
656 738 918 776 opulentioribus
949 744 1061 768 vestes
1092 737 1148 768 vel
1179 737 1400 769 conducebant
1430 738 1487 769 vel
1516 739 1759 780 mutuabantur,

96 796 137 827 de
158 805 222 837 quo
247 804 335 824 more
356 800 474 831 praeter
497 793 659 834 Bastium‚
684 806 780 838 quem
801 796 945 826 afferunt
968 794 1096 826 Kiessl.
1119 798 1152 826 et
1173 794 1370 834 Wuestem.‚
1394 796 1592 827 conferenda
1612 803 1663 828 est
1683 804 1760 829 nota

97 851 299 883 Boissonadi
325 852 356 881 in
380 850 535 882 Aristaen.
558 863 588 891 p.
612 854 685 885 322.
730 853 838 891 Atque
862 853 930 883 haec
951 854 1179 893 interpretatio
1200 854 1333 883 videtur
1351 855 1449 883 etiam
1472 852 1680 885 Meinekium
1693 865 1762 885 mo-

96 909 187 939 visse
211 906 301 949 [nam
321 907 405 937 nibil
431 908 464 937 in
488 907 519 937 h.
544 908 567 938 l.
592 908 778 951 adnotavit]
804 910 843 939 ad
869 911 1063 950 scripturam
1079 908 1197 940 τάνΚλ.
1218 910 1447 950 recipiendam.
1470 910 1515 940 At
1538 921 1633 941 secus
1657 915 1762 941 statu-

97 966 214 997 endum
240 976 314 996 esse
334 967 402 1005 jam
426 966 612 1004 exponendi
632 966 814 1004 periculum
836 967 964 997 faciam.
990 967 1167 997 Primum
1191 967 1320 998 codices
1343 967 1411 997 fere
1430 977 1541 997 omnes
1553 969 1761 999 consentiunt

96 1024 130 1053 in
166 1023 331 1063 genitiv03
376 1023 566 1052 nominatim
596 1028 827 1052 enumerantur
859 1023 944 1061 apud
978 1022 1204 1053 Gaisfordium
1236 1022 1274 1053 B.
1310 1022 1346 1052 C.
1378 1022 1421 1053 D.
1456 1023 1494 1052 L.
1523 1023 1557 1053 S.
1581 1023 1638 1054 W.
1661 1024 1708 1054 X.
1731 1035 1760 1055 c.

98 1080 174 1124 [pro
200 1080 259 1111 boc
282 1080 393 1110 codice
416 1078 440 1110 Ι.
464 1079 505 1110 A.
524 1079 655 1110 Jacobs.
678 1092 710 1121 p.
734 1082 807 1113 348.
833 1082 946 1111 nescio
976 1091 1039 1122 quo
1058 1081 1134 1121 jure
1158 1080 1270 1111 attulit
1294 1079 1334 1122 i.]
1359 1091 1400 1111 m.
1425 1079 1494 1111 ott.
1516 1082 1547 1113 8.
1569 1091 1599 1111 a.
1623 1091 1665 1112 m.
1692 1092 1758 1113 sec.

96 1139 186 1170 Junt.
208 1137 297 1168 Med.
319 1136 397 1166 Ald.
420 1135 523 1172 Call.;
547 1140 598 1176 ’τῆς
618 1137 739 1168 habent
761 1138 795 1168 P.
818 1138 851 1168 h.
869 1137 999 1169 Jacobs.
1022 1137 1045 1167 l.
1069 1136 1092 1167 l.
1114 1138 1204 1168 addit
1222 1137 1299 1168 alia.
1310 1138 1470 1168 Reiskius
1493 1137 1547 1178 (Τ.
1564 1137 1604 1176 Π,
1622 1148 1654 1178 p.
1675 1140 1759 1179 162.)

98 1194 231 1227 scribit:
265 1195 467 1233 „rem-ansa,
510 1193 594 1232 quod
624 1204 711 1235 aegre
741 1195 831 1233 fero,
864 1196 897 1225 in
927 1195 1071 1225 editione
1102 1201 1214 1225 nostra
1245 1205 1262 1225 e
1295 1193 1538 1233 Commeliana,
1578 1203 1647 1233 quae
1688 1194 1761 1225 sola

98 1255 147 1284 sic
171 1252 289 1289 habet,
319 1251 373 1282 τὰν
400 1253 480 1281 Κλ.“
526 1250 639 1292 Itaque
661 1255 716 1286 τᾶς
738 1253 860 1292 optima
881 1253 999 1281 nititur
1021 1253 1227 1282 auctoritate.
1262 1251 1429 1282 Deinde
1450 1262 1520 1282 mos
1540 1251 1620 1290 ille,
1648 1259 1760 1284 vestes

97 1309 153 1341 vel
191 1307 395 1339 conducendi
432 1307 487 1338 vel
524 1308 716 1346 mutuandi,
750 1308 883 1338 valebat
923 1308 1145 1338 tantummodo
1169 1309 1202 1338 in
1238 1308 1503 1349 pauperioribus.
1567 1308 1670 1349 Atqui
1709 1309 1762 1340 Si-

97 1365 248 1398 maetham
276 1375 340 1395 non
371 1364 477 1395 fuisse
508 1364 654 1402 puellam
684 1367 929 1406 pauperiorem,
964 1365 1023 1395 sed
1054 1364 1274 1404 nobiliorem,
1308 1376 1349 1396 ex
1374 1364 1526 1405 pluribus
1554 1364 1638 1397 locis
1662 1365 1760 1407 hujus

100 1423 211 1464 idyllii
233 1429 378 1463 apparet,
405 1428 437 1452 et
457 1423 597 1463 primum
619 1422 750 1460 quidem
772 1434 815 1453 ex
839 1433 889 1461 eo,
914 1422 1000 1463 quod
1022 1421 1163 1452 habebat
1183 1421 1338 1452 ancillam
1355 1420 1531 1461 Thestylin
1552 1423 1671 1463 [neque
1682 1434 1761 1454 vero

99 1483 197 1513 etiam
220 1481 391 1517 nutricem,
424 1490 494 1521 quae
518 1480 582 1510 fuit
605 1479 763 1514 Anaxus3
787 1490 850 1518 qua
874 1481 906 1509 in
932 1491 967 1510 re
996 1486 1083 1510 errat
1104 1478 1302 1520 Greverus],
1327 1479 1444 1509 deinde
1469 1480 1553 1517 quod
1578 1480 1762 1522 elegantem

100 1539 243 1569 tunicam
265 1548 308 1567 ex
332 1536 431 1575 bysso
455 1536 635 1566 confectam
660 1535 828 1573 trahebat,
854 1536 996 1578 denique
1019 1537 1103 1575 quod
1127 1536 1168 1566 ad
1190 1546 1226 1566 se
1249 1534 1410 1565 invitabat
1432 1535 1641 1575 Delphidem,
1664 1543 1762 1578 atque

100 1595 154 1625 hic
175 1593 282 1624 oeulis
306 1591 459 1623 simulato
479 1593 605 1633 pudore
629 1592 719 1623 humi
741 1594 879 1633 dejectis
901 1605 972 1624 eam
992 1592 1218 1631 conveniebat,
1240 1595 1272 1622 et
1283 1598 1398 1633 postea
1409 1592 1639 1633 alloquebatur
1650 1593 1761 1625 verbis

99 1651 233 1683 blandis
268 1651 374 1688 iisque
404 1651 613 1681 verecundis.
658 1650 737 1681 llaec
768 1652 877 1681 onmia
910 1661 973 1680 non
1006 1657 1082 1681 sunt
1112 1647 1351 1680 accommodata
1378 1645 1497 1687 puellae
1519 1651 1707 1690 pauperiori
1729 1656 1763 1681 et

99 1709 139 1740 ab
162 1707 282 1738 humili
307 1708 407 1744 stirpe
429 1714 605 1747 prognatae.
649 1707 703 1738 Po
717 1714 878 1738 stremo
901 1708 1027 1739 accedit
1048 1708 1089 1738 ad
1110 1707 1191 1746 hoec,
1218 1713 1253 1737 ut
1273 1705 1374 1737 verba
1387 1712 1490 1744 poetae
1506 1707 1763 1748 κάμφιστειλαμὲνοι

99 1767 152 1799 τὰν
173 1765 288 1804 ξυστίδα
309 1767 364 1799 τᾶς
384 1764 568 1805 Κλεαρίστας
591 1775 649 1805 per
670 1776 706 1795 se
729 1776 792 1796 non
816 1766 1050 1805 demonstrent,
1078 1766 1165 1807 quod
1188 1766 1232 1796 iis
1254 1764 1468 1794 demonstrari
1488 1765 1682 1803 interpretes
1706 1776 1762 1796 vo-

100 1825 188 1863 lunt,
213 1821 434 1863 significatam
455 1833 532 1852 esse
555 1821 648 1852 illam
670 1826 780 1853 vestes
800 1824 969 1854 mutuandi
989 1823 1271 1855 consuetudinem.
1296 1820 1439 1851 Possunt
1459 1822 1544 1852 enim
1563 1822 1648 1853 nihil
1670 1822 1762 1854 aliud

99 1882 256 1913 denotare
279 1880 364 1910 nisi:
390 1885 618 1921 postquam
641 1889 699 1909 me
723 1882 880 1911 ornavi
902 1880 1099 1921 Xystide
1122 1879 1383 1910 Clearistae.
1408 1877 1502 1908 Nunc
1524 1885 1633 1909 autem
1656 1880 1762 1910 omnis

101 1938 286 1980 explicatio
317 1937 437 1977 pendet
460 1947 503 1967 ex
527 1938 659 1967 nomine
684 1936 866 1968 Clearistae.
914 1936 995 1974 Quae
1018 1938 1081 1969 illa
1101 1937 1203 1968 fuerit
1225 1937 1435 1977 ignoramus,
1466 1946 1563 1975 quum
1592 1946 1634 1966 ne
1661 1935 1762 1967 Scho-

98 1997 220 2028 liastes
255 1995 387 2033 quidem
418 1995 457 2025 de
488 2005 527 2025 ea
560 1995 735 2036 quidquam
765 1994 982 2026 adnotaverit.
1028 1993 1238 2036 Quapropter
1261 1994 1448 2033 conjectura
1469 1988 1595 2024 tantum
1614 1993 1648 2023 id
1672 2004 1763 2024 asse-

100 2055 158 2096 qui
185 2052 286 2090 licet,
313 2051 399 2090 quod
430 2051 722 2083 verisimilitudine
756 2052 999 2083 commendatur
1028 2062 1124 2091 quam
1154 2051 1308 2082 maxima.
1344 2049 1381 2080 ld
1409 2056 1517 2080 autem
1540 2060 1613 2080 mea
1633 2050 1763 2091 quidem

101 2111 265 2141 sententia
296 2109 357 2140 hoc
389 2114 450 2139 est.
495 2108 604 2145 Quum
634 2113 699 2146 τᾶς
728 2110 851 2150 optima
880 2110 1029 2140 codicum
1059 2108 1254 2139 auctoritate
1281 2107 1404 2137 nitatur
1440 2107 1578 2146 ideoque
1609 2113 1696 2138 certa
1726 2118 1763 2139 ac

102 2167 238 2201 definita
267 2165 434 2199 Clearista
464 2167 678 2210 designetur:
710 2170 819 2207 pateat
842 2176 979 2198 necesse
1001 2172 1064 2206 est,
1087 2165 1194 2198 fuisse
1220 2163 1418 2196 Clearistam
1442 2165 1523 2196 satis
1546 2164 1654 2195 notam
1678 2175 1764 2196 com-
