1872 2345
808 69 1061 107 ...29—

109 158 350 198 explicationes
370 158 589 199 „Iri-idere
612 158 673 190 m'e
695 158 877 198 occipis.
903 156 1069 189 Caecus
1092 162 1234 189 autem
1257 154 1295 190 si
1318 158 1474 197 etipse
1498 155 1653 189 Plutus
1675 163 1760 197 cst,

107 223 149 246 at
188 218 318 246 etium
358 216 483 247 Amor
522 216 801 256 incogitatus
843 218 912 245 est
953 224 1123 245 caecus:
1163 225 1211 245 ne
1247 219 1286 245 te
1312 217 1494 255 jactato.
1539 214 1617 246 Non
1638 222 1758 246 temere

106 271 197 303 Pluti
217 275 410 304 mentionem
434 273 525 310 facit,
549 272 607 302 scd
631 278 666 302 ut
686 277 776 302 notet
799 270 971 311 Milonem,
996 273 1055 313 qui
1077 282 1182 313 nequ-e
1202 273 1294 310 inops
1316 280 1396 311 erat,
1419 279 1454 303 ut
1477 284 1518 304 ex
1542 283 1573 303 v.
1596 273 1645 305 13.
1665 272 1761 303 colli-

105 330 208 369 gitur,
231 336 263 360 et
282 336 384 359 totum
409 341 443 359 sc
467 329 599 359 dederat
622 329 800 366 quaerendae
818 331 975 369 pecuniae.
996 329 1208 369 ’Λᾳρόντιστος
1233 328 1327 368 Ἔρως
1349 330 1388 359 ad
1408 329 1492 359 illud
1510 329 1594 360 lucri
1614 329 1762 359 studium

105 387 293 424 respicienti
314 385 410 416 Batto
433 386 553 416 dicitur
576 386 682 415 activa
703 391 864 425 potestate
882 407 891 423 ‚
916 386 970 423 qui
994 387 1103 415 onmia
1127 392 1246 426 prmter
1269 386 1371 415 amari
1395 387 1486 423 parvi
1509 387 1632 426 pendit.
1679 385 1760 416 Pas-

106 443 178 473 sive
202 443 291 473 dixit
312 442 497 481 Aeschylus
518 441 634 483 Agam.
659 443 775 474 1386.“
819 442 987 472 Hactenus
1011 443 1153 472 om‘nium
1172 443 1320 480 princeps
1344 441 1560 472 llcrmannus.
1594 443 1660 473 Sed
1681 442 1759 473 huic

105 500 226 529 rationi
241 498 356 539 plures
375 498 595 529 dubitationes
607 500 725 540 opponi
741 509 838 536 posse
855 499 1017 537 videntur,
1042 505 1074 529 et
1088 500 1225 537 primum
1243 499 1385 540 quidem,
1409 498 1505 539 quod,
1522 505 1617 536 poeta
1632 500 1662 529 si
1680 510 1758 530 vere

108 556 298 593 scripsisset
320 557 346 587 εἰ
363 555 473 592 καύτὸς,
497 555 564 586 haec
587 557 751 596 scriptura
773 555 961 586 oblitterari
983 555 1043 585 vix
1065 557 1181 593 potuit.
1225 555 1310 586 Tum
1330 557 1429 586 nimis
1451 555 1575 586 recedit
1596 566 1615 585 a
1635 555 1760 594 simpli-

106 614 204 644 citate
219 614 328 652 poesis
347 612 503 643 bucolicae
520 619 586 643 tota
604 616 779 652 structura,
802 614 895 653 cujus
907 612 998 643 aliud
1016 614 1159 651 reperire
1175 624 1243 643 non*
1255 615 1349 654 potui
1367 613 1567 654 exemplum.
1589 613 1760 644 Postremo

105 669 197 702 Pluti
223 670 416 700 mentionem
440 669 532 708 fieri,
564 677 600 700 ut
622 677 752 701 notetur
772 669 878 709 Milo,
911 670 967 708 qui
990 679 1093 711 neque
1116 671 1211 710 inops
1236 676 1343 710 esset,
1378 675 1411 702 et
1429 675 1533 701 totum
1554 682 1591 701 se
1612 671 1760 701 dedisset

106 727 285 766 quterendae
307 728 463 766 pecuniae,
486 727 520 757 id
544 728 628 758 unde
651 727 768 769 colligi
789 729 894 766 possit
918 737 982 757 non
1003 727 1111 757 video.
1156 727 1241 758 Nam
1261 728 1363 759 verba
1385 740 1503 759 versus
1527 730 1618 759 tertii
1639 728 1759 758 decimi

105 784 158 825 ἐγὼ
179 785 263 826 δ’ἔχω
285 785 344 815 οὐδ’
368 783 431 819 ἅλις
451 783 515 821 ὅξος
533 794 595 813 non
616 786 777 823 perspicio
795 784 873 825 quid
897 783 988 814 aliud
1005 784 1195 824 significent
1206 785 1289 815 nisi:
1314 795 1392 826 ego
1414 789 1551 815 autem
1574 795 1620 815 ne
1642 785 1760 815 aceti

106 842 278 884 quidem
308 841 486 873 affatim
517 840 673 879 habeo,
704 842 737 871 id
770 841 856 883 quod
885 841 1008 871 ironice
1041 841 1163 871 dictum
1192 847 1243 871 est
1271 843 1397 872 ratione
1422 841 1534 872 habita
1558 841 1669 879 Batti,
1702 841 1759 882 qui

106 900 227 928 amoris
250 909 327 929 cura
346 903 379 929 et
403 896 627 929 sollicitudine
651 899 805 938 agitatur.
843 897 908 938 (De
928 897 988 928 hoc
1012 908 1111 928 versu
1133 898 1219 928 infra
1241 909 1345 938 pauca
1363 899 1538 938 adjiciam).
1560 898 1673 938 Itaque
1695 906 1760 926 non

105 954 313 997 probaverim
329 967 390 997 ego
401 955 580 986 Hermanni
598 955 826 995 conjecturam.
850 953 936 985 Mihi
953 954 1085 985 videtur
1102 954 1194 986 locus
1213 954 1386 986 lenissima
1402 955 1540 994 medela,
1564 965 1628 985 uno
1640 960 1758 994 puncto

106 1014 229 1051 addito,
252 1014 292 1044 ad
310 1014 463 1044 dictionis
482 1014 653 1043 sanitatem
676 1013 826 1043 redactus
849 1023 934 1043 esse.
960 1012 1088 1042 Etenim
1113 1023 1236 1042 comma
1257 1019 1330 1051 post
1351 1024 1462 1043 vocem
1482 1013 1498 1044 ὁ
1521 1016 1653 1047 Πλοῦτος
1669 1013 1759 1052 posi-

105 1077 174 1100 tum
199 1071 228 1100 si
249 1071 283 1099 in
306 1071 435 1110 signum
458 1069 681 1108 interrogandi
706 1075 885 1106 fluitamus,
919 1074 951 1098 et
973 1074 1061 1098 recte
1085 1079 1121 1098 se
1144 1067 1242 1098 habet
1264 1079 1440 1107 pronomen
1460 1068 1547 1103 αὐτός
1569 1070 1591 1099 i.
1625 1079 1654 1098 e.
1674 1067 1758 1106 vel,

106 1127 221 1165 adeo,
245 1133 277 1157 et
298 1127 534 1157 accommodata
554 1131 604 1156 est
625 1127 788 1156 sententia
809 1125 933 1156 liaecce:
970 1124 1119 1156 Nonne
1142 1125 1211 1155 vel
1234 1125 1390 1157 Plutus
1413 1136 1565 1156 caecus
1588 1125 1675 1156 esti
1706 1124 1758 1155 At

107 1186 239 1216 etiam
260 1183 530 1224 improvidus
553 1182 691 1213 Amor:
732 1183 828 1213 noli
858 1192 1114 1224 magnopere
1139 1182 1346 1223 gloriari.
1389 1182 1507 1213 Battus
1528 1183 1615 1213 enim
1639 1192 1675 1212 se
1698 1192 1758 1212 ex—

106 1253 221 1273 cusare
244 1241 364 1278 studet,
388 1239 473 1281 quod
494 1239 639 1279 puellam
660 1246 746 1270 amet
766 1241 898 1271 minime
917 1239 1097 1278 pulchram,
1121 1246 1216 1277 atque
1239 1251 1275 1270 se
1297 1246 1461 1280 comparat
1480 1251 1552 1270 cum
1571 1240 1633 1270 deo
1647 1239 1756 1277 Pluto,

107 1308 203 1342 quem
229 1307 347 1329 caecum
370 1297 462 1335 dicit,
493 1298 568 1336 quia
590 1298 652 1328 iste
676 1298 756 1328 deus
782 1303 903 1327 temere
926 1298 1023 1327 etiam
1046 1307 1109 1327 non
1132 1296 1333 1328 merentibus
1364 1308 1443 1338 opes
1474 1307 1550 1327 suas
1572 1295 1755 1327 distribuit.

105 1356 198 1388 Dicit
221 1357 324 1396 igitur
346 1353 462 1385 Battus
484 1354 622 1384 Miloni:
646 1353 698 1384 Tu
720 1355 855 1395 nugaris
878 1355 918 1384 de
938 1362 1059 1392 amore,
1081 1364 1186 1395 neque
1210 1355 1350 1395 cogitas,
1371 1364 1512 1385 amorem
1533 1354 1641 1384 omnia
1660 1352 1756 1394 parvi

105 1414 257 1453 pendere,
280 1412 310 1442 si
334 1412 406 1449 quis
431 1411 503 1450 ejus
528 1410 673 1441 stimulis
697 1412 851 1452 agitatur.

104 1472 142 1510 5)
184 1468 231 1499 Id.
256 1468 334 1507 XV,
355 1470 375 1499 2
377 1492 824 1499 ..........
867 1466 918 1508 ὅρη
939 1468 1045 1508 δίφρον,
1067 1467 1170 1503 Εὐνόα,
1193 1467 1277 1508 αὐτᾷ·
1298 1467 1338 1508 *J

188 1524 390 1565 Kiesslingii
412 1522 515 1554 latina
537 1525 764 1565 interpretatio
788 1524 974 1562 „dominae“
998 1523 1106 1553 habet.
1132 1523 1258 1554 Pariter
1282 1523 1358 1565 αὐτᾷ
1376 1523 1559 1562 explicavit
1577 1522 1756 1555 Burchard.

109 1582 210 1616 Anth.
231 1582 288 1613 Gr.
304 1593 336 1623 p.
351 1583 422 1613 248.
446 1580 644 1612 Boissonadi
667 1582 835 1612 adnotatio
857 1581 925 1611 haec
948 1587 1018 1611 cst:
1043 1581 1143 1622 „mirsi
1162 1580 1281 1612 dictum
1308 1592 1379 1612 cum
1403 1581 1549 1620 emphasi
1569 1583 1609 1612 ad
1628 1590 1756 1612 servam

107 1640 148 1670 de
177 1637 317 1669 muliere
346 1637 452 1668 libera
481 1642 513 1669 et
540 1649 610 1680 quae
641 1638 727 1669 herae
750 1640 855 1668 ainica
878 1644 929 1668 est
951 1636 1038 1668 herae
1067 1637 1214 1678 aequalis.
1261 1637 1383 1668 Notum
1404 1648 1577 1676 pronomen
1608 1637 1694 1672 αὐτὸς
1715 1637 1755 1666 de

107 1685 200 1736 hero,
222 1696 261 1727 de
282 1697 451 1737 magistro.
495 1693 583 1726 Infra
605 1698 653 1735 24,
675 1697 726 1728 50.
750 1694 943 1734 Amphitryo
967 1705 1081 1725 servos
1104 1694 1287 1733 compellat,
1311 1696 1419 1734 aitque
1441 1705 1538 1725 morae
1562 1696 1754 1734 impatiens2

107 1754 193 1790 αὐτὸς
214 1755 321 1786 ἀϋτεῖ.“
350 1754 393 1784 At
412 1752 637 1785 abstinendum
658 1756 709 1784 est
728 1753 916 1783 istiusmodi
940 1752 1220 1792 interpretatione.
1245 1752 1411 1783 Praxinoa
1433 1752 1626 1791 simpliciter
1655 1753 1755 1783 dicit:

107 1814 157 1851 ei,
191 1822 254 1854 qua
276 1821 355 1842 voce
386 1811 501 1841 Eunoa
516 1812 585 1851 jam
608 1809 688 1840 satis
711 1808 930 1847 intellexerit,
956 1809 1027 1839 cui
1050 1809 1168 1839 sellam
1191 1820 1350 1850 apponere
1368 1811 1466 1850 jussa
1492 1810 1547 1840 sit.
1592 1808 1755 1841 Caeterum

106 1880 179 1901 cum
199 1867 309 1900 verbis
329 1866 380 1908 ὅρη
401 1868 499 1909 δίφρον
520 1879 585 1899 non
605 1874 691 1899 recte
713 1872 939 1907 compararunt
962 1865 1025 1896 od.
1040 1865 1131 1906 vm,
1153 1868 1238 1905 443„
1262 1868 1337 1906 quia
1358 1860 1469 1898 ibi'sas
1488 1871 1578 1908 πῶμα
1599 1878 1664 1898 non
1687 1869 1755 1909 sig-

325 1959 394 1967 .--.-

139 2022 169 2053 *)
203 2022 233 2046 ln
251 2021 389 2047 Meinekii
411 2021 533 2047 editione
557 2011 635 2051 αὐτῷ’
651 2019 766 2054 legitur,
783 2022 814 2045 ut
829 2018 948 2050 videtur,
967 2027 1002 2046 ex
1019 2019 1088 2045 vitio
1106 2018 1328 2053 typothetarum.
1346 2018 1470 2046 Bachius
1484 2020 1512 2045 in
1523 2019 1633 2045 Anthol.
1644 2020 1754 2046 Graeca

206 2061 363 2097 scholarum
388 2062 416 2086 in
439 2069 517 2087 usum
539 2060 609 2087 bene
633 2062 770 2087 adornata
799 2061 996 2093 (Hannoverae
1015 2062 1103 2092 1838.)
1135 2070 1162 2095 p.
1190 2062 1248 2088 160.
1267 2060 1332 2095 quin
1350 2065 1428 2088 recte
1446 2060 1584 2095 receperit
1602 2068 1664 2086 cum
1681 2060 1752 2087 Her-

205 2110 306 2129 manno
330 2104 520 2137 conjecturam
537 2103 744 2129 Hemsterhusii
763 2096 860 2136 δρῖφον
885 2111 935 2137 pro
955 2095 1000 2135 δι’(Ῑ
1005 2108 1060 2135 901¹,
1078 2103 1183 2130 dubito.
1219 2103 1291 2129 Nam
1315 2112 1403 2137 neque
1421 2103 1488 2129 libri
1505 2102 1637 2136 praebent
1655 2095 1755 2137 δρῖφον

206 2152 294 2177 neque
310 2145 477 2179 Etymologi
492 2145 571 2171 locus
589 2144 642 2171 huc
660 2148 779 2180 spectat.
814 2144 981 2172 Theocritus
999 2142 1126 2173 imitatus
1144 2148 1188 2172 est
1207 2145 1300 2171 locum
1318 2146 1455 2180 quendam
1470 2143 1630 2179 sophronia.
