<?xml version="1.0" encoding="UTF-8"?>
<!DOCTYPE html PUBLIC "-//W3C//DTD XHTML 1.0 Transitional//EN"
    "http://www.w3.org/TR/xhtml1/DTD/xhtml1-transitional.dtd">
<html xmlns="http://www.w3.org/1999/xhtml" xml:lang="en" lang="en">
 <head>
  <title>
</title>
<meta http-equiv="Content-Type" content="text/html;charset=utf-8" />
  <meta name='ocr-system' content='tesseract 3.04.00' />
  <meta name='ocr-capabilities' content='ocr_page ocr_carea ocr_par ocr_line ocrx_word'/>
</head>
<body>
  <div class='ocr_page' id='page_1' title='image "4624634_0046.png"; bbox 0 0 1872 2345; ppageno 0'>
   <div class='ocr_carea' id='block_1_1' title="bbox 781 60 1111 203">
    <p class='ocr_par' dir='ltr' id='par_1_1' title="bbox 781 60 1111 203">
     <span class='ocr_line' id='line_1_1' title="bbox 815 60 1071 100; baseline 0.004 -10"><span class='ocrx_word' id='word_1_1' title='bbox 815 80 866 90; x_wconf 84' lang='grc'>,..</span> <span class='ocrx_word' id='word_1_2' title='bbox 916 60 972 100; x_wconf 75' lang='grc'>3-8</span> <span class='ocrx_word' id='word_1_3' title='bbox 1022 80 1071 91; x_wconf 60' lang='lat'>„-</span> 
     </span>
     <span class='ocr_line' id='line_1_2' title="bbox 781 147 1111 203; baseline 0.009 -11"><span class='ocrx_word' id='word_1_4' title='bbox 781 147 989 203; x_wconf 78' lang='lat' dir='ltr'>Idylliu&#39;m</span> <span class='ocrx_word' id='word_1_5' title='bbox 1016 151 1111 195; x_wconf 83' lang='lat' dir='ltr'>vn.</span> 
     </span>
    </p>
   </div>
   <div class='ocr_carea' id='block_1_2' title="bbox 104 237 1777 1751">
    <p class='ocr_par' dir='ltr' id='par_1_2' title="bbox 104 237 1777 1751">
     <span class='ocr_line' id='line_1_3' title="bbox 192 237 1773 284; baseline 0.003 -14"><span class='ocrx_word' id='word_1_6' title='bbox 192 238 229 270; x_wconf 88' lang='lat' dir='ltr'>In</span> <span class='ocrx_word' id='word_1_7' title='bbox 253 237 312 268; x_wconf 91' lang='lat' dir='ltr'>hoc</span> <span class='ocrx_word' id='word_1_8' title='bbox 336 238 477 269; x_wconf 77' lang='lat' dir='ltr'>camnine</span> <span class='ocrx_word' id='word_1_9' title='bbox 502 248 574 278; x_wconf 63' lang='lat' dir='ltr'>quae</span> <span class='ocrx_word' id='word_1_10' title='bbox 601 241 778 270; x_wconf 82' lang='lat' dir='ltr'>narrantur</span> <span class='ocrx_word' id='word_1_11' title='bbox 799 242 876 282; x_wconf 87' lang='lat' dir='ltr'>quin</span> <span class='ocrx_word' id='word_1_12' title='bbox 900 247 972 272; x_wconf 79' lang='lat' dir='ltr'>aeta</span> <span class='ocrx_word' id='word_1_13' title='bbox 996 252 1071 272; x_wconf 85' lang='lat' dir='ltr'>esse</span> <span class='ocrx_word' id='word_1_14' title='bbox 1095 239 1240 282; x_wconf 77' lang='lat' dir='ltr'>putanda</span> <span class='ocrx_word' id='word_1_15' title='bbox 1263 240 1331 270; x_wconf 82' lang='lat' dir='ltr'>sint</span> <span class='ocrx_word' id='word_1_16' title='bbox 1353 239 1389 270; x_wconf 87' lang='lat' dir='ltr'>in</span> <span class='ocrx_word' id='word_1_17' title='bbox 1411 239 1559 272; x_wconf 86' lang='lat' dir='ltr'>Lucania</span> <span class='ocrx_word' id='word_1_18' title='bbox 1579 252 1680 284; x_wconf 80' lang='lat' dir='ltr'><strong>prope</strong></span> <span class='ocrx_word' id='word_1_19' title='bbox 1704 240 1773 273; x_wconf 87' lang='lat' dir='ltr'>Ve-</span> 
     </span>
     <span class='ocr_line' id='line_1_4' title="bbox 108 294 1774 337; baseline 0.002 -12"><span class='ocrx_word' id='word_1_20' title='bbox 108 295 187 325; x_wconf 84' lang='lat' dir='ltr'>liam</span> <span class='ocrx_word' id='word_1_21' title='bbox 208 294 334 332; x_wconf 81' lang='lat' dir='ltr'>urbem,</span> <span class='ocrx_word' id='word_1_22' title='bbox 358 296 418 324; x_wconf 68' lang='lat' dir='ltr'>vix</span> <span class='ocrx_word' id='word_1_23' title='bbox 441 296 615 335; x_wconf 85' lang='lat' dir='ltr'>quisquam</span> <span class='ocrx_word' id='word_1_24' title='bbox 637 295 778 335; x_wconf 85' lang='lat' dir='ltr'>amplius</span> <span class='ocrx_word' id='word_1_25' title='bbox 801 298 834 326; x_wconf 94' lang='lat' dir='ltr'>in</span> <span class='ocrx_word' id='word_1_26' title='bbox 856 296 990 327; x_wconf 81' lang='lat' dir='ltr'>dubium</span> <span class='ocrx_word' id='word_1_27' title='bbox 1012 296 1155 327; x_wconf 84' lang='lat' dir='ltr'>vocabit.</span> <span class='ocrx_word' id='word_1_28' title='bbox 1177 295 1252 326; x_wconf 87' lang='lat' dir='ltr'>Non</span> <span class='ocrx_word' id='word_1_29' title='bbox 1276 306 1351 326; x_wconf 87' lang='lat' dir='ltr'>esse</span> <span class='ocrx_word' id='word_1_30' title='bbox 1372 298 1580 337; x_wconf 80' lang='lat' dir='ltr'>cogitandum</span> <span class='ocrx_word' id='word_1_31' title='bbox 1601 298 1641 327; x_wconf 87' lang='lat' dir='ltr'>de</span> <span class='ocrx_word' id='word_1_32' title='bbox 1661 297 1774 328; x_wconf 78' lang='lat' dir='ltr'>insula</span> 
     </span>
     <span class='ocr_line' id='line_1_5' title="bbox 108 348 1773 394; baseline 0.001 -12"><span class='ocrx_word' id='word_1_33' title='bbox 108 349 167 389; x_wconf 85' lang='lat' dir='ltr'>Co,</span> <span class='ocrx_word' id='word_1_34' title='bbox 191 350 232 380; x_wconf 90' lang='lat' dir='ltr'>ad</span> <span class='ocrx_word' id='word_1_35' title='bbox 257 359 352 392; x_wconf 84' lang='lat' dir='ltr'>quain</span> <span class='ocrx_word' id='word_1_36' title='bbox 376 348 573 382; x_wconf 81' lang='lat' dir='ltr'>Scholiastae</span> <span class='ocrx_word' id='word_1_37' title='bbox 596 352 703 382; x_wconf 84' lang='lat' dir='ltr'>omnia</span> <span class='ocrx_word' id='word_1_38' title='bbox 723 353 853 383; x_wconf 86' lang='lat' dir='ltr'>nomina</span> <span class='ocrx_word' id='word_1_39' title='bbox 874 352 981 384; x_wconf 78' lang='lat' dir='ltr'>relata</span> <span class='ocrx_word' id='word_1_40' title='bbox 1003 353 1133 391; x_wconf 83' lang='lat' dir='ltr'>volunt,</span> <span class='ocrx_word' id='word_1_41' title='bbox 1156 352 1284 393; x_wconf 87' lang='lat' dir='ltr'>primus</span> <span class='ocrx_word' id='word_1_42' title='bbox 1305 351 1488 394; x_wconf 74' lang='lat' dir='ltr'><strong>explicavit</strong></span> <span class='ocrx_word' id='word_1_43' title='bbox 1505 351 1590 384; x_wconf 74' lang='lat' dir='ltr'>Dan.</span> <span class='ocrx_word' id='word_1_44' title='bbox 1611 352 1773 385; x_wconf 81' lang='lat' dir='ltr'><strong>Heinsius</strong></span> 
     </span>
     <span class='ocr_line' id='line_1_6' title="bbox 104 406 1774 451; baseline 0.001 -13"><span class='ocrx_word' id='word_1_45' title='bbox 104 409 210 438; x_wconf 82' lang='lat' dir='ltr'>Lectt.</span> <span class='ocrx_word' id='word_1_46' title='bbox 235 406 376 437; x_wconf 87' lang='lat' dir='ltr'>Theocr.</span> <span class='ocrx_word' id='word_1_47' title='bbox 400 418 467 445; x_wconf 82' lang='lat' dir='ltr'>cap.</span> <span class='ocrx_word' id='word_1_48' title='bbox 490 407 571 444; x_wconf 74' lang='lat' dir='ltr'>XII,</span> <span class='ocrx_word' id='word_1_49' title='bbox 594 408 649 447; x_wconf 82' lang='lat' dir='ltr'>qui</span> <span class='ocrx_word' id='word_1_50' title='bbox 670 418 702 446; x_wconf 91' lang='lat' dir='ltr'>p.</span> <span class='ocrx_word' id='word_1_51' title='bbox 729 409 805 451; x_wconf 33' lang='lat'>3365</span> <span class='ocrx_word' id='word_1_52' title='bbox 827 415 914 439; x_wconf 89' lang='lat' dir='ltr'>extr.</span> <span class='ocrx_word' id='word_1_53' title='bbox 939 410 1110 450; x_wconf 90' lang='lat' dir='ltr'>(editionis</span> <span class='ocrx_word' id='word_1_54' title='bbox 1134 419 1163 438; x_wconf 82' lang='lat' dir='ltr'>a.</span> <span class='ocrx_word' id='word_1_55' title='bbox 1190 410 1294 449; x_wconf 69' lang='lat'><strong>1602.)</strong></span> <span class='ocrx_word' id='word_1_56' title='bbox 1318 409 1419 439; x_wconf 90' lang='lat' dir='ltr'>dicit:</span> <span class='ocrx_word' id='word_1_57' title='bbox 1446 409 1561 448; x_wconf 84' lang='lat' dir='ltr'>„Sciat</span> <span class='ocrx_word' id='word_1_58' title='bbox 1582 409 1644 440; x_wconf 85' lang='lat' dir='ltr'>hoc</span> <span class='ocrx_word' id='word_1_59' title='bbox 1668 408 1774 440; x_wconf 86' lang='lat' dir='ltr'>semel</span> 
     </span>
     <span class='ocr_line' id='line_1_7' title="bbox 106 462 1775 505; baseline 0.001 -11"><span class='ocrx_word' id='word_1_60' title='bbox 106 462 228 494; x_wconf 86' lang='lat' dir='ltr'>lector:</span> <span class='ocrx_word' id='word_1_61' title='bbox 262 473 394 493; x_wconf 82' lang='lat' dir='ltr'>scenam</span> <span class='ocrx_word' id='word_1_62' title='bbox 424 462 522 504; x_wconf 88' lang='lat' dir='ltr'>hujus</span> <span class='ocrx_word' id='word_1_63' title='bbox 554 462 666 503; x_wconf 84' lang='lat' dir='ltr'>idyllii</span> <span class='ocrx_word' id='word_1_64' title='bbox 699 473 762 494; x_wconf 82' lang='lat' dir='ltr'>non</span> <span class='ocrx_word' id='word_1_65' title='bbox 793 462 838 497; x_wconf 66' lang='grc' dir='ltr'>ἐπὶ</span> <span class='ocrx_word' id='word_1_66' title='bbox 859 467 910 505; x_wconf 73' lang='grc' dir='ltr'>τῆς</span> <span class='ocrx_word' id='word_1_67' title='bbox 930 467 987 496; x_wconf 80' lang='grc' dir='ltr'>Κῶ</span> <span class='ocrx_word' id='word_1_68' title='bbox 1008 469 1130 502; x_wconf 79' lang='grc' dir='ltr'><strong><em>κεῖσθαι,</em></strong></span> <span class='ocrx_word' id='word_1_69' title='bbox 1154 464 1213 495; x_wconf 89' lang='lat' dir='ltr'>sed</span> <span class='ocrx_word' id='word_1_70' title='bbox 1237 463 1281 496; x_wconf 74' lang='grc' dir='ltr'>ἐπὶ</span> <span class='ocrx_word' id='word_1_71' title='bbox 1300 465 1435 502; x_wconf 77' lang='grc' dir='ltr'><strong><em>Ἰταλίας,</em></strong></span> <span class='ocrx_word' id='word_1_72' title='bbox 1471 466 1504 495; x_wconf 91' lang='lat' dir='ltr'>in</span> <span class='ocrx_word' id='word_1_73' title='bbox 1529 464 1627 496; x_wconf 86' lang='lat' dir='ltr'>Italia</span> <span class='ocrx_word' id='word_1_74' title='bbox 1646 465 1718 496; x_wconf 89' lang='lat' dir='ltr'>dico</span> <span class='ocrx_word' id='word_1_75' title='bbox 1741 467 1775 496; x_wconf 79' lang='lat' dir='ltr'>et</span> 
     </span>
     <span class='ocr_line' id='line_1_8' title="bbox 106 519 1774 563; baseline 0.002 -12"><span class='ocrx_word' id='word_1_76' title='bbox 106 519 263 551; x_wconf 87' lang='lat' dir='ltr'>Sicilia.“</span> <span class='ocrx_word' id='word_1_77' title='bbox 309 519 375 551; x_wconf 87' lang='lat' dir='ltr'>Sed</span> <span class='ocrx_word' id='word_1_78' title='bbox 406 521 439 550; x_wconf 92' lang='lat' dir='ltr'>in</span> <span class='ocrx_word' id='word_1_79' title='bbox 462 532 500 551; x_wconf 91' lang='lat' dir='ltr'>eo</span> <span class='ocrx_word' id='word_1_80' title='bbox 523 522 645 551; x_wconf 76' lang='lat' dir='ltr'>erravit</span> <span class='ocrx_word' id='word_1_81' title='bbox 676 521 858 560; x_wconf 85' lang='lat' dir='ltr'>Heinsius,</span> <span class='ocrx_word' id='word_1_82' title='bbox 892 522 976 561; x_wconf 87' lang='lat' dir='ltr'>quod</span> <span class='ocrx_word' id='word_1_83' title='bbox 999 522 1094 552; x_wconf 89' lang='lat' dir='ltr'>modo</span> <span class='ocrx_word' id='word_1_84' title='bbox 1125 523 1159 552; x_wconf 90' lang='lat' dir='ltr'>in</span> <span class='ocrx_word' id='word_1_85' title='bbox 1184 520 1302 552; x_wconf 83' lang='lat' dir='ltr'>Sicilia</span> <span class='ocrx_word' id='word_1_86' title='bbox 1331 522 1424 552; x_wconf 90' lang='lat' dir='ltr'>modo</span> <span class='ocrx_word' id='word_1_87' title='bbox 1448 523 1481 552; x_wconf 91' lang='lat' dir='ltr'>in</span> <span class='ocrx_word' id='word_1_88' title='bbox 1504 521 1604 553; x_wconf 84' lang='lat' dir='ltr'>Italia</span> <span class='ocrx_word' id='word_1_89' title='bbox 1625 533 1694 553; x_wconf 88' lang='lat' dir='ltr'>rem</span> <span class='ocrx_word' id='word_1_90' title='bbox 1716 523 1774 563; x_wconf 81' lang='lat' dir='ltr'>agi</span> 
     </span>
     <span class='ocr_line' id='line_1_9' title="bbox 109 577 1774 619; baseline -0.001 -10"><span class='ocrx_word' id='word_1_91' title='bbox 109 578 287 609; x_wconf 83' lang='lat' dir='ltr'>contendit.</span> <span class='ocrx_word' id='word_1_92' title='bbox 332 577 441 607; x_wconf 80' lang='lat' dir='ltr'>Locus</span> <span class='ocrx_word' id='word_1_93' title='bbox 462 578 492 607; x_wconf 88' lang='lat' dir='ltr'>si</span> <span class='ocrx_word' id='word_1_94' title='bbox 515 578 561 607; x_wconf 91' lang='lat' dir='ltr'>ita</span> <span class='ocrx_word' id='word_1_95' title='bbox 584 577 825 618; x_wconf 80' lang='lat' dir='ltr'>intelligendus</span> <span class='ocrx_word' id='word_1_96' title='bbox 848 585 950 618; x_wconf 89' lang='lat' dir='ltr'>esset,</span> <span class='ocrx_word' id='word_1_97' title='bbox 973 589 1072 609; x_wconf 87' lang='lat' dir='ltr'>unum</span> <span class='ocrx_word' id='word_1_98' title='bbox 1095 579 1182 609; x_wconf 87' lang='lat' dir='ltr'>diem</span> <span class='ocrx_word' id='word_1_99' title='bbox 1206 578 1361 609; x_wconf 81' lang='lat' dir='ltr'>sufficere</span> <span class='ocrx_word' id='word_1_100' title='bbox 1385 588 1450 608; x_wconf 87' lang='lat' dir='ltr'>non</span> <span class='ocrx_word' id='word_1_101' title='bbox 1471 579 1623 619; x_wconf 85' lang='lat' dir='ltr'>potuisse</span> <span class='ocrx_word' id='word_1_102' title='bbox 1646 579 1688 609; x_wconf 86' lang='lat' dir='ltr'>ad</span> <span class='ocrx_word' id='word_1_103' title='bbox 1710 580 1774 609; x_wconf 88' lang='lat' dir='ltr'>iter</span> 
     </span>
     <span class='ocr_line' id='line_1_10' title="bbox 107 632 1773 676; baseline 0.001 -12"><span class='ocrx_word' id='word_1_104' title='bbox 107 634 347 676; x_wconf 81' lang='lat' dir='ltr'>perficiendum</span> <span class='ocrx_word' id='word_1_105' title='bbox 379 639 529 673; x_wconf 86' lang='lat' dir='ltr'>apparet:</span> <span class='ocrx_word' id='word_1_106' title='bbox 564 639 597 664; x_wconf 83' lang='lat' dir='ltr'>at</span> <span class='ocrx_word' id='word_1_107' title='bbox 625 632 679 663; x_wconf 85' lang='lat' dir='ltr'>vel</span> <span class='ocrx_word' id='word_1_108' title='bbox 710 633 858 665; x_wconf 85' lang='lat' dir='ltr'>breviori</span> <span class='ocrx_word' id='word_1_109' title='bbox 889 642 1032 674; x_wconf 89' lang='lat' dir='ltr'>tempore</span> <span class='ocrx_word' id='word_1_110' title='bbox 1065 636 1173 666; x_wconf 87' lang='lat' dir='ltr'>socios</span> <span class='ocrx_word' id='word_1_111' title='bbox 1206 645 1243 665; x_wconf 91' lang='lat' dir='ltr'>eo</span> <span class='ocrx_word' id='word_1_112' title='bbox 1272 645 1335 676; x_wconf 88' lang='lat' dir='ltr'>quo</span> <span class='ocrx_word' id='word_1_113' title='bbox 1370 634 1540 664; x_wconf 78' lang='lat' dir='ltr'><strong>tenderent</strong></span> <span class='ocrx_word' id='word_1_114' title='bbox 1566 636 1773 674; x_wconf 86' lang='lat' dir='ltr'>pervenisse,</span> 
     </span>
     <span class='ocr_line' id='line_1_11' title="bbox 109 690 1774 731; baseline 0 -9"><span class='ocrx_word' id='word_1_115' title='bbox 109 700 236 722; x_wconf 89' lang='lat' dir='ltr'>carmen</span> <span class='ocrx_word' id='word_1_116' title='bbox 261 691 368 730; x_wconf 85' lang='lat' dir='ltr'>ipsum</span> <span class='ocrx_word' id='word_1_117' title='bbox 390 690 600 721; x_wconf 84' lang='lat' dir='ltr'>demonstrat.</span> <span class='ocrx_word' id='word_1_118' title='bbox 625 690 726 721; x_wconf 88' lang='lat' dir='ltr'>Porro</span> <span class='ocrx_word' id='word_1_119' title='bbox 748 690 944 722; x_wconf 75' lang='lat' dir='ltr'>vocabulum</span> <span class='ocrx_word' id='word_1_120' title='bbox 964 692 1045 727; x_wconf 75' lang='grc' dir='ltr'><strong><em>πόλις</em></strong></span> <span class='ocrx_word' id='word_1_121' title='bbox 1067 691 1100 722; x_wconf 93' lang='lat' dir='ltr'>h.</span> <span class='ocrx_word' id='word_1_122' title='bbox 1122 691 1145 722; x_wconf 92' lang='lat' dir='ltr'>l.</span> <span class='ocrx_word' id='word_1_123' title='bbox 1167 702 1232 722; x_wconf 93' lang='lat' dir='ltr'>non</span> <span class='ocrx_word' id='word_1_124' title='bbox 1253 694 1361 730; x_wconf 85' lang='lat' dir='ltr'>potest</span> <span class='ocrx_word' id='word_1_125' title='bbox 1380 691 1499 721; x_wconf 86' lang='lat' dir='ltr'>referri</span> <span class='ocrx_word' id='word_1_126' title='bbox 1520 691 1560 721; x_wconf 81' lang='lat' dir='ltr'>ad</span> <span class='ocrx_word' id='word_1_127' title='bbox 1581 691 1774 731; x_wconf 76' lang='lat' dir='ltr'>Syracusas,</span> 
     </span>
     <span class='ocr_line' id='line_1_12' title="bbox 107 745 1774 788; baseline 0.002 -13"><span class='ocrx_word' id='word_1_128' title='bbox 107 752 142 776; x_wconf 90' lang='lat' dir='ltr'>ut</span> <span class='ocrx_word' id='word_1_129' title='bbox 166 745 275 775; x_wconf 79' lang='lat' dir='ltr'>voluit</span> <span class='ocrx_word' id='word_1_130' title='bbox 300 746 473 776; x_wconf 82' lang='lat' dir='ltr'>Heinsius.</span> <span class='ocrx_word' id='word_1_131' title='bbox 516 746 555 777; x_wconf 88' lang='lat' dir='ltr'>ld</span> <span class='ocrx_word' id='word_1_132' title='bbox 585 747 817 777; x_wconf 88' lang='lat' dir='ltr'>animadvertit</span> <span class='ocrx_word' id='word_1_133' title='bbox 841 747 985 779; x_wconf 85' lang='lat' dir='ltr'>Dumas:</span> <span class='ocrx_word' id='word_1_134' title='bbox 1017 748 1068 778; x_wconf 86' lang='lat' dir='ltr'>de</span> <span class='ocrx_word' id='word_1_135' title='bbox 1101 747 1335 778; x_wconf 84' lang='lat' dir='ltr'>Theocriti</span> <span class='ocrx_word' id='word_1_136' title='bbox 1369 747 1555 777; x_wconf 82' lang='lat' dir='ltr'>carmine</span> <span class='ocrx_word' id='word_1_137' title='bbox 1586 749 1774 788; x_wconf 79' lang='lat' dir='ltr'>septimo</span> 
     </span>
     <span class='ocr_line' id='line_1_13' title="bbox 108 803 1776 846; baseline 0.002 -14"><span class='ocrx_word' id='word_1_138' title='bbox 108 804 156 844; x_wconf 91' lang='lat' dir='ltr'>(in</span> <span class='ocrx_word' id='word_1_139' title='bbox 176 813 287 844; x_wconf 84' lang='lat' dir='ltr'>progr.</span> <span class='ocrx_word' id='word_1_140' title='bbox 310 805 473 844; x_wconf 74' lang='lat' dir='ltr'>gymnasii</span> <span class='ocrx_word' id='word_1_141' title='bbox 496 803 738 846; x_wconf 83' lang='lat' dir='ltr'>Rastenburg.,</span> <span class='ocrx_word' id='word_1_142' title='bbox 763 804 972 846; x_wconf 84' lang='lat' dir='ltr'>Regioniont.</span> <span class='ocrx_word' id='word_1_143' title='bbox 997 815 1026 835; x_wconf 75' lang='lat' dir='ltr'>a-</span> <span class='ocrx_word' id='word_1_144' title='bbox 1051 805 1133 836; x_wconf 78' lang='lat'>1830</span> <span class='ocrx_word' id='word_1_145' title='bbox 1153 804 1281 845; x_wconf 61' lang='lat' dir='ltr'>edita),</span> <span class='ocrx_word' id='word_1_146' title='bbox 1304 805 1338 834; x_wconf 91' lang='lat' dir='ltr'>in</span> <span class='ocrx_word' id='word_1_147' title='bbox 1358 815 1421 846; x_wconf 87' lang='lat' dir='ltr'>quo</span> <span class='ocrx_word' id='word_1_148' title='bbox 1443 803 1561 835; x_wconf 84' lang='lat' dir='ltr'>libello</span> <span class='ocrx_word' id='word_1_149' title='bbox 1580 814 1612 842; x_wconf 83' lang='lat' dir='ltr'>p.</span> <span class='ocrx_word' id='word_1_150' title='bbox 1631 804 1776 836; x_wconf 67' lang='lat' dir='ltr'>25—oe</span> 
     </span>
     <span class='ocr_line' id='line_1_14' title="bbox 110 860 1774 904; baseline 0.001 -14"><span class='ocrx_word' id='word_1_151' title='bbox 110 871 223 890; x_wconf 87' lang='lat' dir='ltr'>omncs</span> <span class='ocrx_word' id='word_1_152' title='bbox 256 867 403 891; x_wconf 80' lang='lat' dir='ltr'>veterum</span> <span class='ocrx_word' id='word_1_153' title='bbox 436 861 633 901; x_wconf 86' lang='lat' dir='ltr'>scriptorum</span> <span class='ocrx_word' id='word_1_154' title='bbox 662 862 728 892; x_wconf 92' lang='lat' dir='ltr'>loci</span> <span class='ocrx_word' id='word_1_155' title='bbox 758 863 908 902; x_wconf 86' lang='lat' dir='ltr'>congesti</span> <span class='ocrx_word' id='word_1_156' title='bbox 937 865 1025 900; x_wconf 83' lang='lat' dir='ltr'>sunt,</span> <span class='ocrx_word' id='word_1_157' title='bbox 1057 863 1112 900; x_wconf 89' lang='lat' dir='ltr'>qui</span> <span class='ocrx_word' id='word_1_158' title='bbox 1143 861 1270 899; x_wconf 86' lang='lat' dir='ltr'>aliquid</span> <span class='ocrx_word' id='word_1_159' title='bbox 1300 861 1425 891; x_wconf 85' lang='lat' dir='ltr'>faciunt</span> <span class='ocrx_word' id='word_1_160' title='bbox 1458 861 1499 891; x_wconf 83' lang='lat' dir='ltr'>ad</span> <span class='ocrx_word' id='word_1_161' title='bbox 1523 871 1652 904; x_wconf 84' lang='lat' dir='ltr'>scenam</span> <span class='ocrx_word' id='word_1_162' title='bbox 1674 860 1774 901; x_wconf 82' lang='lat' dir='ltr'>hujus</span> 
     </span>
     <span class='ocr_line' id='line_1_15' title="bbox 110 911 1775 958; baseline 0.001 -11"><span class='ocrx_word' id='word_1_163' title='bbox 110 916 223 957; x_wconf 68' lang='lat' dir='ltr'>idyllii</span> <span class='ocrx_word' id='word_1_164' title='bbox 245 911 489 956; x_wconf 78' lang='lat' dir='ltr'>explicandam.</span> <span class='ocrx_word' id='word_1_165' title='bbox 535 916 611 958; x_wconf 85' lang='lat' dir='ltr'>Ipse</span> <span class='ocrx_word' id='word_1_166' title='bbox 633 924 739 948; x_wconf 88' lang='lat' dir='ltr'>tamen</span> <span class='ocrx_word' id='word_1_167' title='bbox 760 917 886 947; x_wconf 91' lang='lat' dir='ltr'>Dumas</span> <span class='ocrx_word' id='word_1_168' title='bbox 906 927 1036 948; x_wconf 83' lang='lat' dir='ltr'>scenam</span> <span class='ocrx_word' id='word_1_169' title='bbox 1058 928 1130 948; x_wconf 90' lang='lat' dir='ltr'>cum</span> <span class='ocrx_word' id='word_1_170' title='bbox 1150 917 1340 948; x_wconf 78' lang='lat' dir='ltr'>Scholiasta</span> <span class='ocrx_word' id='word_1_171' title='bbox 1358 918 1391 947; x_wconf 94' lang='lat' dir='ltr'>in</span> <span class='ocrx_word' id='word_1_172' title='bbox 1413 916 1524 947; x_wconf 83' lang='lat' dir='ltr'>insula</span> <span class='ocrx_word' id='word_1_173' title='bbox 1543 916 1590 947; x_wconf 87' lang='lat' dir='ltr'>Co</span> <span class='ocrx_word' id='word_1_174' title='bbox 1609 916 1775 948; x_wconf 88' lang='lat' dir='ltr'>collocan-</span> 
     </span>
     <span class='ocr_line' id='line_1_16' title="bbox 108 973 1776 1017; baseline 0.001 -11"><span class='ocrx_word' id='word_1_175' title='bbox 108 975 182 1006; x_wconf 84' lang='lat' dir='ltr'>dam</span> <span class='ocrx_word' id='word_1_176' title='bbox 206 980 317 1005; x_wconf 85' lang='lat' dir='ltr'>censet</span> <span class='ocrx_word' id='word_1_177' title='bbox 342 975 383 1004; x_wconf 72' lang='lat' dir='ltr'>iis</span> <span class='ocrx_word' id='word_1_178' title='bbox 406 975 614 1012; x_wconf 82' lang='lat' dir='ltr'>potissimum</span> <span class='ocrx_word' id='word_1_179' title='bbox 637 975 796 1006; x_wconf 86' lang='lat' dir='ltr'>adductus</span> <span class='ocrx_word' id='word_1_180' title='bbox 820 975 909 1015; x_wconf 88' lang='lat' dir='ltr'>[nam</span> <span class='ocrx_word' id='word_1_181' title='bbox 930 974 1058 1013; x_wconf 85' lang='lat' dir='ltr'>reliqua</span> <span class='ocrx_word' id='word_1_182' title='bbox 1076 974 1160 1006; x_wconf 90' lang='lat' dir='ltr'>bene</span> <span class='ocrx_word' id='word_1_183' title='bbox 1178 973 1381 1017; x_wconf 85' lang='lat' dir='ltr'>disseruit.]‚</span> <span class='ocrx_word' id='word_1_184' title='bbox 1405 985 1475 1016; x_wconf 82' lang='lat' dir='ltr'>quae</span> <span class='ocrx_word' id='word_1_185' title='bbox 1492 974 1532 1005; x_wconf 85' lang='lat' dir='ltr'>de</span> <span class='ocrx_word' id='word_1_186' title='bbox 1546 975 1636 1005; x_wconf 79' lang='lat' dir='ltr'>fonte</span> <span class='ocrx_word' id='word_1_187' title='bbox 1647 975 1776 1016; x_wconf 71' lang='grc' dir='ltr'><strong><em>Βουρίνᾳ</em></strong></span> 
     </span>
     <span class='ocr_line' id='line_1_17' title="bbox 107 1029 1775 1071; baseline 0.001 -10"><span class='ocrx_word' id='word_1_188' title='bbox 107 1033 142 1061; x_wconf 92' lang='lat' dir='ltr'>in</span> <span class='ocrx_word' id='word_1_189' title='bbox 176 1029 314 1060; x_wconf 80' lang='lat' dir='ltr'>scholiis</span> <span class='ocrx_word' id='word_1_190' title='bbox 341 1030 523 1061; x_wconf 81' lang='lat' dir='ltr'>truduntur.</span> <span class='ocrx_word' id='word_1_191' title='bbox 571 1031 636 1061; x_wconf 86' lang='lat' dir='ltr'>Sed</span> <span class='ocrx_word' id='word_1_192' title='bbox 668 1031 766 1071; x_wconf 87' lang='lat' dir='ltr'>liujus</span> <span class='ocrx_word' id='word_1_193' title='bbox 800 1031 901 1061; x_wconf 84' lang='lat' dir='ltr'>fontis</span> <span class='ocrx_word' id='word_1_194' title='bbox 935 1031 1189 1071; x_wconf 85' lang='lat' dir='ltr'>descriptionem</span> <span class='ocrx_word' id='word_1_195' title='bbox 1214 1032 1258 1071; x_wconf 86' lang='lat' dir='ltr'>(v.</span> <span class='ocrx_word' id='word_1_196' title='bbox 1287 1032 1406 1070; x_wconf 85' lang='lat'>6—9)</span> <span class='ocrx_word' id='word_1_197' title='bbox 1428 1031 1585 1061; x_wconf 72' lang='lat' dir='ltr'>insertam</span> <span class='ocrx_word' id='word_1_198' title='bbox 1608 1042 1683 1061; x_wconf 88' lang='lat' dir='ltr'>osse</span> <span class='ocrx_word' id='word_1_199' title='bbox 1708 1031 1775 1069; x_wconf 84' lang='lat' dir='ltr'>„ad</span> 
     </span>
     <span class='ocr_line' id='line_1_18' title="bbox 109 1086 1776 1128; baseline 0 -10"><span class='ocrx_word' id='word_1_200' title='bbox 109 1086 287 1118; x_wconf 81' lang='lat' dir='ltr'>Chalconis</span> <span class='ocrx_word' id='word_1_201' title='bbox 311 1088 500 1117; x_wconf 86' lang='lat' dir='ltr'>memoriam</span> <span class='ocrx_word' id='word_1_202' title='bbox 521 1086 774 1118; x_wconf 81' lang='lat' dir='ltr'>eelebrandam“</span> <span class='ocrx_word' id='word_1_203' title='bbox 797 1088 908 1118; x_wconf 84' lang='lat' dir='ltr'>docuit</span> <span class='ocrx_word' id='word_1_204' title='bbox 934 1086 1141 1118; x_wconf 86' lang='lat' dir='ltr'>Hermannus</span> <span class='ocrx_word' id='word_1_205' title='bbox 1162 1086 1286 1128; x_wconf 88' lang='lat' dir='ltr'>Opusc.</span> <span class='ocrx_word' id='word_1_206' title='bbox 1319 1086 1359 1125; x_wconf 89' lang='lat' dir='ltr'>V,</span> <span class='ocrx_word' id='word_1_207' title='bbox 1381 1087 1475 1127; x_wconf 84' lang='lat' dir='ltr'>p.79.</span> <span class='ocrx_word' id='word_1_208' title='bbox 1500 1097 1599 1127; x_wconf 86' lang='lat' dir='ltr'>ergo:</span> <span class='ocrx_word' id='word_1_209' title='bbox 1623 1087 1776 1128; x_wconf 84' lang='lat' dir='ltr'>proles</span> 
     </span>
     <span class='ocr_line' id='line_1_19' title="bbox 109 1142 1776 1184; baseline 0 -9"><span class='ocrx_word' id='word_1_210' title='bbox 109 1143 281 1175; x_wconf 89' lang='lat' dir='ltr'>nobilis</span> <span class='ocrx_word' id='word_1_211' title='bbox 315 1144 509 1174; x_wconf 90' lang='lat' dir='ltr'>oriunda</span> <span class='ocrx_word' id='word_1_212' title='bbox 539 1155 558 1175; x_wconf 83' lang='lat' dir='ltr'>a</span> <span class='ocrx_word' id='word_1_213' title='bbox 581 1143 734 1184; x_wconf 82' lang='lat' dir='ltr'>Clytia</span> <span class='ocrx_word' id='word_1_214' title='bbox 766 1147 805 1174; x_wconf 87' lang='lat' dir='ltr'>et</span> <span class='ocrx_word' id='word_1_215' title='bbox 837 1142 1073 1182; x_wconf 88' lang='lat' dir='ltr'>Chalcone,</span> <span class='ocrx_word' id='word_1_216' title='bbox 1106 1144 1175 1182; x_wconf 87' lang='lat' dir='ltr'>qui</span> <span class='ocrx_word' id='word_1_217' title='bbox 1198 1143 1303 1174; x_wconf 89' lang='lat' dir='ltr'>olim</span> <span class='ocrx_word' id='word_1_218' title='bbox 1334 1144 1374 1173; x_wconf 94' lang='lat' dir='ltr'>in</span> <span class='ocrx_word' id='word_1_219' title='bbox 1398 1143 1549 1173; x_wconf 84' lang='lat' dir='ltr'>insula</span> <span class='ocrx_word' id='word_1_220' title='bbox 1573 1142 1628 1174; x_wconf 87' lang='lat' dir='ltr'>Co</span> <span class='ocrx_word' id='word_1_221' title='bbox 1650 1143 1776 1175; x_wconf 90' lang='lat' dir='ltr'>illum</span> 
     </span>
     <span class='ocr_line' id='line_1_20' title="bbox 109 1199 1775 1242; baseline -0.001 -9"><span class='ocrx_word' id='word_1_222' title='bbox 109 1203 183 1233; x_wconf 85' lang='lat' dir='ltr'>fon</span> <span class='ocrx_word' id='word_1_223' title='bbox 197 1208 207 1232; x_wconf 96' lang='lat' dir='ltr'>t</span> <span class='ocrx_word' id='word_1_224' title='bbox 221 1211 279 1232; x_wconf 89' lang='lat' dir='ltr'>em</span> <span class='ocrx_word' id='word_1_225' title='bbox 311 1211 359 1241; x_wconf 88' lang='lat' dir='ltr'>ap</span> <span class='ocrx_word' id='word_1_226' title='bbox 373 1201 491 1230; x_wconf 82' lang='lat' dir='ltr'>eruit</span> <span class='ocrx_word' id='word_1_227' title='bbox 514 1200 559 1241; x_wconf 76' lang='grc' dir='ltr'>(ὃς</span> <span class='ocrx_word' id='word_1_228' title='bbox 580 1199 686 1240; x_wconf 55' lang='lat' dir='ltr'>divae).</span> <span class='ocrx_word' id='word_1_229' title='bbox 731 1199 805 1237; x_wconf 77' lang='lat' dir='ltr'>Quo</span> <span class='ocrx_word' id='word_1_230' title='bbox 826 1201 912 1231; x_wconf 73' lang='lat' dir='ltr'>facto</span> <span class='ocrx_word' id='word_1_231' title='bbox 938 1210 1021 1230; x_wconf 87' lang='lat' dir='ltr'>nunc</span> <span class='ocrx_word' id='word_1_232' title='bbox 1041 1201 1243 1242; x_wconf 82' lang='lat' dir='ltr'>omnia‚quae</span> <span class='ocrx_word' id='word_1_233' title='bbox 1267 1201 1306 1230; x_wconf 83' lang='lat' dir='ltr'>ad</span> <span class='ocrx_word' id='word_1_234' title='bbox 1332 1210 1461 1230; x_wconf 82' lang='lat' dir='ltr'>scenam</span> <span class='ocrx_word' id='word_1_235' title='bbox 1482 1201 1660 1241; x_wconf 84' lang='lat' dir='ltr'>pertinent,</span> <span class='ocrx_word' id='word_1_236' title='bbox 1683 1206 1775 1242; x_wconf 84' lang='lat' dir='ltr'>pate-</span> 
     </span>
     <span class='ocr_line' id='line_1_21' title="bbox 109 1256 1777 1298; baseline -0.002 -8"><span class='ocrx_word' id='word_1_237' title='bbox 109 1259 203 1291; x_wconf 88' lang='lat' dir='ltr'>fiunt.</span> <span class='ocrx_word' id='word_1_238' title='bbox 229 1258 267 1297; x_wconf 64' lang='lat'>³0⁵]</span> <span class='ocrx_word' id='word_1_239' title='bbox 304 1256 385 1293; x_wconf 67' lang='lat' dir='ltr'>Quae</span> <span class='ocrx_word' id='word_1_240' title='bbox 408 1267 504 1295; x_wconf 85' lang='lat' dir='ltr'>quum</span> <span class='ocrx_word' id='word_1_241' title='bbox 527 1258 575 1287; x_wconf 85' lang='lat' dir='ltr'>ita</span> <span class='ocrx_word' id='word_1_242' title='bbox 599 1259 677 1296; x_wconf 86' lang='lat' dir='ltr'>sint,</span> <span class='ocrx_word' id='word_1_243' title='bbox 703 1257 803 1288; x_wconf 88' lang='lat' dir='ltr'>simul</span> <span class='ocrx_word' id='word_1_244' title='bbox 827 1258 867 1288; x_wconf 84' lang='lat' dir='ltr'>ad</span> <span class='ocrx_word' id='word_1_245' title='bbox 891 1258 1020 1287; x_wconf 86' lang='lat' dir='ltr'>irritum</span> <span class='ocrx_word' id='word_1_246' title='bbox 1045 1257 1175 1295; x_wconf 78' lang='lat' dir='ltr'>cadunt,</span> <span class='ocrx_word' id='word_1_247' title='bbox 1199 1267 1269 1298; x_wconf 78' lang='lat' dir='ltr'>quae</span> <span class='ocrx_word' id='word_1_248' title='bbox 1293 1256 1356 1288; x_wconf 88' lang='lat' dir='ltr'>huc</span> <span class='ocrx_word' id='word_1_249' title='bbox 1382 1267 1486 1298; x_wconf 84' lang='lat' dir='ltr'>usque</span> <span class='ocrx_word' id='word_1_250' title='bbox 1512 1257 1677 1295; x_wconf 82' lang='lat' dir='ltr'>disputata</span> <span class='ocrx_word' id='word_1_251' title='bbox 1700 1263 1777 1288; x_wconf 81' lang='lat' dir='ltr'>sunt</span> 
     </span>
     <span class='ocr_line' id='line_1_22' title="bbox 109 1313 1775 1354; baseline -0.001 -8"><span class='ocrx_word' id='word_1_252' title='bbox 109 1317 150 1346; x_wconf 87' lang='lat' dir='ltr'>de</span> <span class='ocrx_word' id='word_1_253' title='bbox 182 1322 325 1352; x_wconf 84' lang='lat' dir='ltr'>tempore</span> <span class='ocrx_word' id='word_1_254' title='bbox 353 1317 448 1350; x_wconf 77' lang='lat' dir='ltr'>atque</span> <span class='ocrx_word' id='word_1_255' title='bbox 472 1314 510 1344; x_wconf 84' lang='lat' dir='ltr'>de</span> <span class='ocrx_word' id='word_1_256' title='bbox 532 1314 686 1351; x_wconf 85' lang='lat' dir='ltr'>consilio,</span> <span class='ocrx_word' id='word_1_257' title='bbox 719 1325 782 1354; x_wconf 90' lang='lat' dir='ltr'>quo</span> <span class='ocrx_word' id='word_1_258' title='bbox 807 1315 977 1351; x_wconf 81' lang='lat' dir='ltr'>scripserit</span> <span class='ocrx_word' id='word_1_259' title='bbox 998 1313 1196 1344; x_wconf 84' lang='lat' dir='ltr'>Theocritus</span> <span class='ocrx_word' id='word_1_260' title='bbox 1219 1313 1280 1343; x_wconf 90' lang='lat' dir='ltr'>hoc</span> <span class='ocrx_word' id='word_1_261' title='bbox 1303 1313 1469 1352; x_wconf 67' lang='lat' dir='ltr'>idyllium.</span> <span class='ocrx_word' id='word_1_262' title='bbox 1510 1313 1619 1353; x_wconf 85' lang='lat' dir='ltr'>Atque</span> <span class='ocrx_word' id='word_1_263' title='bbox 1639 1320 1775 1352; x_wconf 85' lang='lat' dir='ltr'>utraque</span> 
     </span>
     <span class='ocr_line' id='line_1_23' title="bbox 110 1368 1776 1411; baseline -0.001 -9"><span class='ocrx_word' id='word_1_264' title='bbox 110 1371 249 1411; x_wconf 81' lang='lat' dir='ltr'>quaestio</span> <span class='ocrx_word' id='word_1_265' title='bbox 281 1372 340 1400; x_wconf 71' lang='lat' dir='ltr'>vix</span> <span class='ocrx_word' id='word_1_266' title='bbox 365 1380 506 1411; x_wconf 83' lang='lat' dir='ltr'>unquam</span> <span class='ocrx_word' id='word_1_267' title='bbox 528 1372 648 1408; x_wconf 85' lang='lat' dir='ltr'>poterit</span> <span class='ocrx_word' id='word_1_268' title='bbox 672 1370 712 1400; x_wconf 85' lang='lat' dir='ltr'>ad</span> <span class='ocrx_word' id='word_1_269' title='bbox 737 1369 899 1408; x_wconf 86' lang='lat' dir='ltr'>liquidum</span> <span class='ocrx_word' id='word_1_270' title='bbox 920 1370 1065 1408; x_wconf 86' lang='lat' dir='ltr'>perduci.</span> <span class='ocrx_word' id='word_1_271' title='bbox 1110 1369 1197 1400; x_wconf 83' lang='lat' dir='ltr'>Mihi</span> <span class='ocrx_word' id='word_1_272' title='bbox 1222 1369 1354 1399; x_wconf 86' lang='lat' dir='ltr'>videtur</span> <span class='ocrx_word' id='word_1_273' title='bbox 1381 1370 1414 1398; x_wconf 93' lang='lat' dir='ltr'>in</span> <span class='ocrx_word' id='word_1_274' title='bbox 1438 1368 1499 1399; x_wconf 88' lang='lat' dir='ltr'>hoc</span> <span class='ocrx_word' id='word_1_275' title='bbox 1522 1370 1664 1399; x_wconf 77' lang='lat' dir='ltr'>carmine</span> <span class='ocrx_word' id='word_1_276' title='bbox 1689 1369 1776 1400; x_wconf 88' lang='lat' dir='ltr'>nihil</span> 
     </span>
     <span class='ocr_line' id='line_1_24' title="bbox 109 1425 1776 1466; baseline -0.002 -5"><span class='ocrx_word' id='word_1_277' title='bbox 109 1432 220 1461; x_wconf 86' lang='lat' dir='ltr'>inesse</span> <span class='ocrx_word' id='word_1_278' title='bbox 245 1429 311 1458; x_wconf 84' lang='lat' dir='ltr'>nisi</span> <span class='ocrx_word' id='word_1_279' title='bbox 336 1427 504 1457; x_wconf 83' lang='lat' dir='ltr'>hilaris</span> <span class='ocrx_word' id='word_1_280' title='bbox 527 1428 783 1458; x_wconf 85' lang='lat' dir='ltr'>recordatio</span> <span class='ocrx_word' id='word_1_281' title='bbox 808 1428 976 1457; x_wconf 83' lang='lat' dir='ltr'>aetatis</span> <span class='ocrx_word' id='word_1_282' title='bbox 1002 1426 1250 1466; x_wconf 87' lang='lat' dir='ltr'>juvenilis,</span> <span class='ocrx_word' id='word_1_283' title='bbox 1275 1426 1358 1464; x_wconf 88' lang='lat' dir='ltr'>quod</span> <span class='ocrx_word' id='word_1_284' title='bbox 1372 1425 1776 1464; x_wconf 77' lang='lat' dir='ltr'>quasifundamentumsit</span> 
     </span>
     <span class='ocr_line' id='line_1_25' title="bbox 111 1482 1776 1523; baseline -0.001 -7"><span class='ocrx_word' id='word_1_285' title='bbox 111 1487 213 1516; x_wconf 86' lang='lat' dir='ltr'>totius</span> <span class='ocrx_word' id='word_1_286' title='bbox 230 1484 439 1513; x_wconf 81' lang='lat' dir='ltr'>narrationis.</span> <span class='ocrx_word' id='word_1_287' title='bbox 475 1483 601 1512; x_wconf 87' lang='lat' dir='ltr'>Seriori</span> <span class='ocrx_word' id='word_1_288' title='bbox 614 1484 731 1523; x_wconf 86' lang='lat' dir='ltr'>igitur,</span> <span class='ocrx_word' id='word_1_289' title='bbox 753 1485 884 1513; x_wconf 86' lang='lat' dir='ltr'>sirecte</span> <span class='ocrx_word' id='word_1_290' title='bbox 899 1493 1115 1523; x_wconf 74' lang='lat' dir='ltr'>auguramur,</span> <span class='ocrx_word' id='word_1_291' title='bbox 1138 1489 1285 1523; x_wconf 89' lang='lat' dir='ltr'>tempore</span> <span class='ocrx_word' id='word_1_292' title='bbox 1309 1493 1327 1512; x_wconf 91' lang='lat' dir='ltr'>a</span> <span class='ocrx_word' id='word_1_293' title='bbox 1349 1489 1447 1523; x_wconf 82' lang='lat' dir='ltr'>poeta</span> <span class='ocrx_word' id='word_1_294' title='bbox 1470 1483 1628 1522; x_wconf 87' lang='lat' dir='ltr'>scriptum</span> <span class='ocrx_word' id='word_1_295' title='bbox 1652 1489 1702 1512; x_wconf 92' lang='lat' dir='ltr'>est</span> <span class='ocrx_word' id='word_1_296' title='bbox 1714 1482 1776 1514; x_wconf 84' lang='lat' dir='ltr'>hoc</span> 
     </span>
     <span class='ocr_line' id='line_1_26' title="bbox 115 1538 1776 1582; baseline -0.001 -9"><span class='ocrx_word' id='word_1_297' title='bbox 115 1552 255 1579; x_wconf 82' lang='lat' dir='ltr'>carmen,</span> <span class='ocrx_word' id='word_1_298' title='bbox 276 1541 309 1571; x_wconf 87' lang='lat' dir='ltr'>id</span> <span class='ocrx_word' id='word_1_299' title='bbox 321 1540 404 1582; x_wconf 85' lang='lat' dir='ltr'>quod</span> <span class='ocrx_word' id='word_1_300' title='bbox 420 1540 531 1570; x_wconf 80' lang='lat' dir='ltr'>statim</span> <span class='ocrx_word' id='word_1_301' title='bbox 552 1541 706 1571; x_wconf 82' lang='lat' dir='ltr'>carminis</span> <span class='ocrx_word' id='word_1_302' title='bbox 733 1542 865 1571; x_wconf 88' lang='lat' dir='ltr'>initium</span> <span class='ocrx_word' id='word_1_303' title='bbox 887 1544 982 1582; x_wconf 81' lang='lat' dir='ltr'>atque</span> <span class='ocrx_word' id='word_1_304' title='bbox 1000 1541 1156 1571; x_wconf 79' lang='lat' dir='ltr'>universa</span> <span class='ocrx_word' id='word_1_305' title='bbox 1169 1541 1374 1582; x_wconf 80' lang='lat' dir='ltr'>compositio,</span> <span class='ocrx_word' id='word_1_306' title='bbox 1400 1549 1469 1578; x_wconf 79' lang='lat' dir='ltr'>quae</span> <span class='ocrx_word' id='word_1_307' title='bbox 1489 1539 1637 1569; x_wconf 86' lang='lat' dir='ltr'>suaviter</span> <span class='ocrx_word' id='word_1_308' title='bbox 1653 1538 1776 1571; x_wconf 87' lang='lat' dir='ltr'>cultam</span> 
     </span>
     <span class='ocr_line' id='line_1_27' title="bbox 114 1594 1775 1638; baseline -0.001 -10"><span class='ocrx_word' id='word_1_309' title='bbox 114 1600 221 1638; x_wconf 89' lang='lat' dir='ltr'>prodit</span> <span class='ocrx_word' id='word_1_310' title='bbox 244 1599 402 1638; x_wconf 64' lang='lat' dir='ltr'>poetivmn</span> <span class='ocrx_word' id='word_1_311' title='bbox 427 1597 629 1636; x_wconf 81' lang='lat' dir='ltr'>facultatem,</span> <span class='ocrx_word' id='word_1_312' title='bbox 654 1598 821 1628; x_wconf 78' lang='lat' dir='ltr'>declarare</span> <span class='ocrx_word' id='word_1_313' title='bbox 845 1598 987 1628; x_wconf 77' lang='lat' dir='ltr'>videtur.</span> <span class='ocrx_word' id='word_1_314' title='bbox 1035 1596 1241 1638; x_wconf 83' lang='lat' dir='ltr'>Quapropter</span> <span class='ocrx_word' id='word_1_315' title='bbox 1262 1608 1325 1628; x_wconf 91' lang='lat' dir='ltr'>non</span> <span class='ocrx_word' id='word_1_316' title='bbox 1349 1596 1464 1627; x_wconf 86' lang='lat' dir='ltr'>dubito</span> <span class='ocrx_word' id='word_1_317' title='bbox 1489 1606 1563 1635; x_wconf 85' lang='lat' dir='ltr'>ego,</span> <span class='ocrx_word' id='word_1_318' title='bbox 1588 1596 1664 1633; x_wconf 85' lang='lat' dir='ltr'>quin</span> <span class='ocrx_word' id='word_1_319' title='bbox 1679 1594 1775 1626; x_wconf 83' lang='lat' dir='ltr'>Wei-</span> 
     </span>
     <span class='ocr_line' id='line_1_28' title="bbox 112 1650 1774 1696; baseline -0.004 -9"><span class='ocrx_word' id='word_1_320' title='bbox 112 1655 219 1687; x_wconf 87' lang='lat' dir='ltr'>chert.</span> <span class='ocrx_word' id='word_1_321' title='bbox 244 1654 283 1685; x_wconf 84' lang='lat' dir='ltr'>de</span> <span class='ocrx_word' id='word_1_322' title='bbox 308 1656 377 1684; x_wconf 76' lang='lat' dir='ltr'>vita</span> <span class='ocrx_word' id='word_1_323' title='bbox 399 1653 569 1692; x_wconf 81' lang='lat' dir='ltr'>Apollonii</span> <span class='ocrx_word' id='word_1_324' title='bbox 595 1665 625 1693; x_wconf 86' lang='lat' dir='ltr'>p.</span> <span class='ocrx_word' id='word_1_325' title='bbox 650 1656 700 1687; x_wconf 86' lang='lat'>59.</span> <span class='ocrx_word' id='word_1_326' title='bbox 725 1658 821 1696; x_wconf 82' lang='lat' dir='ltr'>atque</span> <span class='ocrx_word' id='word_1_327' title='bbox 845 1654 1005 1685; x_wconf 86' lang='lat' dir='ltr'>Gerhard.</span> <span class='ocrx_word' id='word_1_328' title='bbox 1029 1654 1134 1685; x_wconf 84' lang='lat' dir='ltr'>Lectt.</span> <span class='ocrx_word' id='word_1_329' title='bbox 1158 1654 1272 1696; x_wconf 89' lang='lat' dir='ltr'>Apoll.</span> <span class='ocrx_word' id='word_1_330' title='bbox 1292 1665 1323 1693; x_wconf 85' lang='lat' dir='ltr'>p.</span> <span class='ocrx_word' id='word_1_331' title='bbox 1346 1655 1377 1685; x_wconf 84' lang='lat'>5.</span> <span class='ocrx_word' id='word_1_332' title='bbox 1400 1658 1489 1683; x_wconf 85' lang='lat' dir='ltr'>recte</span> <span class='ocrx_word' id='word_1_333' title='bbox 1511 1650 1774 1691; x_wconf 82' lang='lat' dir='ltr'>observaverint,</span> 
     </span>
     <span class='ocr_line' id='line_1_29' title="bbox 112 1708 1775 1751; baseline -0.002 -6"><span class='ocrx_word' id='word_1_334' title='bbox 112 1712 265 1744; x_wconf 81' lang='lat' dir='ltr'>versibus</span> <span class='ocrx_word' id='word_1_335' title='bbox 296 1713 447 1744; x_wconf 75' lang='lat'><strong>45—49.</strong></span> <span class='ocrx_word' id='word_1_336' title='bbox 478 1723 498 1742; x_wconf 89' lang='lat' dir='ltr'>a</span> <span class='ocrx_word' id='word_1_337' title='bbox 525 1711 702 1743; x_wconf 83' lang='lat' dir='ltr'>Theocrito</span> <span class='ocrx_word' id='word_1_338' title='bbox 732 1713 853 1751; x_wconf 88' lang='lat' dir='ltr'>respici</span> <span class='ocrx_word' id='word_1_339' title='bbox 881 1711 1096 1751; x_wconf 84' lang='lat' dir='ltr'>Apollonium</span> <span class='ocrx_word' id='word_1_340' title='bbox 1119 1711 1293 1743; x_wconf 84' lang='lat' dir='ltr'>Rhodium.</span> <span class='ocrx_word' id='word_1_341' title='bbox 1336 1710 1373 1741; x_wconf 89' lang='lat' dir='ltr'>In</span> <span class='ocrx_word' id='word_1_342' title='bbox 1396 1708 1501 1740; x_wconf 87' lang='lat' dir='ltr'>simili</span> <span class='ocrx_word' id='word_1_343' title='bbox 1524 1709 1688 1740; x_wconf 89' lang='lat' dir='ltr'>sententia</span> <span class='ocrx_word' id='word_1_344' title='bbox 1705 1710 1775 1750; x_wconf 83' lang='lat' dir='ltr'>jain</span> 
     </span>
    </p>
   </div>
   <div class='ocr_carea' id='block_1_3' title="bbox 336 1803 420 1809">
    <p class='ocr_par' dir='ltr' id='par_1_3' title="bbox 336 1803 420 1809">
     <span class='ocr_line' id='line_1_30' title="bbox 336 1803 420 1809; baseline 0 0"><span class='ocrx_word' id='word_1_345' title='bbox 336 1803 420 1809; x_wconf 95' lang='lat' dir='ltr'> </span> 
     </span>
    </p>
   </div>
   <div class='ocr_carea' id='block_1_4' title="bbox 150 1851 1776 2177">
    <p class='ocr_par' dir='ltr' id='par_1_4' title="bbox 150 1851 1776 2177">
     <span class='ocr_line' id='line_1_31' title="bbox 150 1851 1775 1890; baseline -0.003 -8"><span class='ocrx_word' id='word_1_346' title='bbox 150 1860 175 1890; x_wconf 67' lang='lat'>*)</span> <span class='ocrx_word' id='word_1_347' title='bbox 212 1858 312 1883; x_wconf 81' lang='lat' dir='ltr'>Mirum</span> <span class='ocrx_word' id='word_1_348' title='bbox 339 1857 428 1890; x_wconf 80' lang='lat' dir='ltr'>igitur</span> <span class='ocrx_word' id='word_1_349' title='bbox 453 1859 505 1887; x_wconf 86' lang='lat' dir='ltr'>est,</span> <span class='ocrx_word' id='word_1_350' title='bbox 535 1855 607 1889; x_wconf 81' lang='lat' dir='ltr'>quod</span> <span class='ocrx_word' id='word_1_351' title='bbox 631 1856 664 1880; x_wconf 85' lang='lat' dir='ltr'>E.</span> <span class='ocrx_word' id='word_1_352' title='bbox 684 1855 822 1888; x_wconf 80' lang='lat' dir='ltr'>llepner:</span> <span class='ocrx_word' id='word_1_353' title='bbox 850 1854 891 1881; x_wconf 86' lang='lat' dir='ltr'>De</span> <span class='ocrx_word' id='word_1_354' title='bbox 909 1856 996 1881; x_wconf 73' lang='lat' dir='ltr'>variis</span> <span class='ocrx_word' id='word_1_355' title='bbox 1015 1854 1237 1887; x_wconf 79' lang='lat' dir='ltr'>Theocr.1dy.ll</span> <span class='ocrx_word' id='word_1_356' title='bbox 1256 1852 1415 1886; x_wconf 80' lang='lat' dir='ltr'>generibus.</span> <span class='ocrx_word' id='word_1_357' title='bbox 1451 1851 1576 1877; x_wconf 88' lang='lat' dir='ltr'>Thoruni</span> <span class='ocrx_word' id='word_1_358' title='bbox 1595 1851 1669 1878; x_wconf 79' lang='lat'><strong>1836.</strong></span> <span class='ocrx_word' id='word_1_359' title='bbox 1689 1858 1715 1883; x_wconf 84' lang='lat' dir='ltr'>p</span> <span class='ocrx_word' id='word_1_360' title='bbox 1733 1851 1775 1878; x_wconf 86' lang='grc'>11</span> 
     </span>
     <span class='ocr_line' id='line_1_32' title="bbox 215 1891 1773 1931; baseline -0.005 -8"><span class='ocrx_word' id='word_1_361' title='bbox 215 1901 365 1924; x_wconf 80' lang='lat' dir='ltr'>etiamnum</span> <span class='ocrx_word' id='word_1_362' title='bbox 379 1898 504 1931; x_wconf 82' lang='lat' dir='ltr'>scripsit,</span> <span class='ocrx_word' id='word_1_363' title='bbox 520 1897 703 1922; x_wconf 81' lang='lat' dir='ltr'>Simichidam</span> <span class='ocrx_word' id='word_1_364' title='bbox 717 1897 789 1921; x_wconf 88' lang='lat' dir='ltr'>diem</span> <span class='ocrx_word' id='word_1_365' title='bbox 804 1896 905 1921; x_wconf 79' lang='lat' dir='ltr'>festum</span> <span class='ocrx_word' id='word_1_366' title='bbox 923 1898 958 1921; x_wconf 91' lang='lat' dir='ltr'>in</span> <span class='ocrx_word' id='word_1_367' title='bbox 977 1904 1068 1930; x_wconf 78' lang='lat' dir='ltr'>pago</span> <span class='ocrx_word' id='word_1_368' title='bbox 1087 1895 1237 1921; x_wconf 80' lang='lat' dir='ltr'>insulae</span> <span class='ocrx_word' id='word_1_369' title='bbox 1253 1895 1297 1919; x_wconf 93' lang='lat' dir='ltr'>Co</span> <span class='ocrx_word' id='word_1_370' title='bbox 1315 1893 1473 1920; x_wconf 83' lang='lat' dir='ltr'>celebrandi</span> <span class='ocrx_word' id='word_1_371' title='bbox 1489 1901 1586 1918; x_wconf 80' lang='lat' dir='ltr'>caussa</span> <span class='ocrx_word' id='word_1_372' title='bbox 1596 1893 1651 1917; x_wconf 83' lang='lat' dir='ltr'>iter</span> <span class='ocrx_word' id='word_1_373' title='bbox 1663 1891 1773 1916; x_wconf 72' lang='lat' dir='ltr'>fecisse.</span> 
     </span>
     <span class='ocr_line' id='line_1_33' title="bbox 218 1924 1774 1971; baseline -0.005 -8"><span class='ocrx_word' id='word_1_374' title='bbox 218 1939 315 1971; x_wconf 78' lang='lat' dir='ltr'>Neque</span> <span class='ocrx_word' id='word_1_375' title='bbox 334 1939 422 1963; x_wconf 87' lang='lat' dir='ltr'>minus</span> <span class='ocrx_word' id='word_1_376' title='bbox 440 1939 541 1963; x_wconf 88' lang='lat' dir='ltr'>mirum</span> <span class='ocrx_word' id='word_1_377' title='bbox 560 1941 603 1963; x_wconf 79' lang='lat' dir='ltr'>est</span> <span class='ocrx_word' id='word_1_378' title='bbox 621 1938 694 1971; x_wconf 83' lang='lat' dir='ltr'>quod</span> <span class='ocrx_word' id='word_1_379' title='bbox 713 1938 784 1963; x_wconf 79' lang='lat' dir='ltr'>idem</span> <span class='ocrx_word' id='word_1_380' title='bbox 804 1938 949 1970; x_wconf 80' lang='lat' dir='ltr'>Hepnerus</span> <span class='ocrx_word' id='word_1_381' title='bbox 968 1937 1089 1962; x_wconf 82' lang='lat' dir='ltr'>addidit.</span> <span class='ocrx_word' id='word_1_382' title='bbox 1116 1936 1232 1966; x_wconf 77' lang='lat' dir='ltr'>„Altera</span> <span class='ocrx_word' id='word_1_383' title='bbox 1248 1935 1394 1967; x_wconf 81' lang='lat' dir='ltr'>inscriptio</span> <span class='ocrx_word' id='word_1_384' title='bbox 1412 1926 1504 1965; x_wconf 78' lang='grc' dir='ltr'><em>ἕιιρινη</em></span> <span class='ocrx_word' id='word_1_385' title='bbox 1526 1924 1671 1962; x_wconf 76' lang='grc' dir='ltr'><strong><em>ὁδοιπορία</em></strong></span> <span class='ocrx_word' id='word_1_386' title='bbox 1689 1932 1774 1964; x_wconf 85' lang='lat' dir='ltr'>origi-</span> 
     </span>
     <span class='ocr_line' id='line_1_34' title="bbox 220 1972 1775 2011; baseline -0.006 -5"><span class='ocrx_word' id='word_1_387' title='bbox 220 1987 285 2006; x_wconf 83' lang='lat' dir='ltr'>nem</span> <span class='ocrx_word' id='word_1_388' title='bbox 303 1979 384 2005; x_wconf 85' lang='lat' dir='ltr'>habet</span> <span class='ocrx_word' id='word_1_389' title='bbox 403 1980 436 2004; x_wconf 83' lang='lat' dir='ltr'>ab</span> <span class='ocrx_word' id='word_1_390' title='bbox 455 1980 557 2005; x_wconf 84' lang='lat' dir='ltr'>itinere</span> <span class='ocrx_word' id='word_1_391' title='bbox 570 1979 749 2011; x_wconf 62' lang='lat' dir='ltr'>Ageanactis,</span> <span class='ocrx_word' id='word_1_392' title='bbox 769 1985 853 2003; x_wconf 72' lang='lat' dir='ltr'>verno</span> <span class='ocrx_word' id='word_1_393' title='bbox 873 1981 998 2010; x_wconf 83' lang='lat' dir='ltr'>tempore</span> <span class='ocrx_word' id='word_1_394' title='bbox 1007 1977 1176 2010; x_wconf 82' lang='lat' dir='ltr'>Mytilenem</span> <span class='ocrx_word' id='word_1_395' title='bbox 1195 1976 1363 2008; x_wconf 82' lang='lat' dir='ltr'>navigantis,</span> <span class='ocrx_word' id='word_1_396' title='bbox 1382 1975 1454 2007; x_wconf 86' lang='lat' dir='ltr'>quod</span> <span class='ocrx_word' id='word_1_397' title='bbox 1473 1975 1527 1999; x_wconf 79' lang='lat' dir='ltr'>iter</span> <span class='ocrx_word' id='word_1_398' title='bbox 1544 1974 1569 1999; x_wconf 84' lang='lat'>1</span> <span class='ocrx_word' id='word_1_399' title='bbox 1569 1972 1677 2006; x_wconf 73' lang='lat' dir='ltr'>ycidas,</span> <span class='ocrx_word' id='word_1_400' title='bbox 1697 1972 1775 1997; x_wconf 79' lang='lat' dir='ltr'>illius</span> 
     </span>
     <span class='ocr_line' id='line_1_35' title="bbox 218 2012 1776 2051; baseline -0.006 -5"><span class='ocrx_word' id='word_1_401' title='bbox 218 2023 339 2051; x_wconf 79' lang='lat' dir='ltr'>amator,</span> <span class='ocrx_word' id='word_1_402' title='bbox 365 2023 449 2045; x_wconf 78' lang='lat' dir='ltr'>cantu</span> <span class='ocrx_word' id='word_1_403' title='bbox 474 2019 629 2045; x_wconf 58' lang='lat' dir='ltr'>celebratf‘</span> <span class='ocrx_word' id='word_1_404' title='bbox 665 2020 736 2045; x_wconf 80' lang='lat' dir='ltr'>Haec</span> <span class='ocrx_word' id='word_1_405' title='bbox 754 2018 846 2043; x_wconf 82' lang='lat' dir='ltr'>hausit</span> <span class='ocrx_word' id='word_1_406' title='bbox 866 2019 966 2051; x_wconf 88' lang='lat' dir='ltr'>opinor</span> <span class='ocrx_word' id='word_1_407' title='bbox 984 2026 1018 2044; x_wconf 83' lang='lat' dir='ltr'>ex</span> <span class='ocrx_word' id='word_1_408' title='bbox 1037 2016 1148 2043; x_wconf 78' lang='lat' dir='ltr'>lleinsii</span> <span class='ocrx_word' id='word_1_409' title='bbox 1167 2016 1260 2041; x_wconf 83' lang='lat' dir='ltr'>Lectt.</span> <span class='ocrx_word' id='word_1_410' title='bbox 1280 2015 1399 2041; x_wconf 81' lang='lat' dir='ltr'>Theocr.</span> <span class='ocrx_word' id='word_1_411' title='bbox 1419 2023 1481 2048; x_wconf 84' lang='lat' dir='ltr'>cap.</span> <span class='ocrx_word' id='word_1_412' title='bbox 1499 2014 1574 2039; x_wconf 81' lang='lat' dir='ltr'>xm.</span> <span class='ocrx_word' id='word_1_413' title='bbox 1594 2021 1620 2046; x_wconf 83' lang='lat' dir='ltr'>p.</span> <span class='ocrx_word' id='word_1_414' title='bbox 1639 2012 1708 2044; x_wconf 68' lang='lat'>341„</span> <span class='ocrx_word' id='word_1_415' title='bbox 1727 2012 1776 2037; x_wconf 84' lang='lat' dir='ltr'>ubi</span> 
     </span>
     <span class='ocr_line' id='line_1_36' title="bbox 217 2046 1776 2094; baseline -0.008 -6"><span class='ocrx_word' id='word_1_416' title='bbox 217 2063 279 2088; x_wconf 76' lang='lat' dir='ltr'>haec</span> <span class='ocrx_word' id='word_1_417' title='bbox 298 2062 442 2094; x_wconf 82' lang='lat' dir='ltr'>leguntur:</span> <span class='ocrx_word' id='word_1_418' title='bbox 462 2062 502 2092; x_wconf 54' lang='grc' dir='ltr'>,Α</span> <span class='ocrx_word' id='word_1_419' title='bbox 521 2062 701 2094; x_wconf 77' lang='lat' dir='ltr'>navigatione</span> <span class='ocrx_word' id='word_1_420' title='bbox 720 2061 890 2093; x_wconf 78' lang='lat' dir='ltr'>Ageanactis</span> <span class='ocrx_word' id='word_1_421' title='bbox 908 2060 1074 2092; x_wconf 79' lang='lat' dir='ltr'>inscriptum</span> <span class='ocrx_word' id='word_1_422' title='bbox 1087 2061 1128 2083; x_wconf 85' lang='lat' dir='ltr'>est</span> <span class='ocrx_word' id='word_1_423' title='bbox 1137 2065 1227 2090; x_wconf 79' lang='lat' dir='ltr'>ipsum</span> <span class='ocrx_word' id='word_1_424' title='bbox 1236 2056 1375 2089; x_wconf 86' lang='lat' dir='ltr'>idyllium</span> <span class='ocrx_word' id='word_1_425' title='bbox 1391 2047 1559 2087; x_wconf 80' lang='grc' dir='ltr'><em>Οδοιποριίι</em></span> <span class='ocrx_word' id='word_1_426' title='bbox 1578 2057 1619 2080; x_wconf 74' lang='lat' dir='ltr'>est</span> <span class='ocrx_word' id='word_1_427' title='bbox 1636 2046 1651 2076; x_wconf 83' lang='grc' dir='ltr'>ὁ</span> <span class='ocrx_word' id='word_1_428' title='bbox 1663 2048 1776 2081; x_wconf 77' lang='grc' dir='ltr'>π).οὗ,·.“</span> 
     </span>
     <span class='ocr_line' id='line_1_37' title="bbox 218 2088 1774 2135; baseline -0.004 -7"><span class='ocrx_word' id='word_1_429' title='bbox 218 2104 253 2128; x_wconf 80' lang='lat' dir='ltr'>At</span> <span class='ocrx_word' id='word_1_430' title='bbox 271 2103 372 2127; x_wconf 84' lang='lat' dir='ltr'>miram</span> <span class='ocrx_word' id='word_1_431' title='bbox 392 2102 499 2128; x_wconf 78' lang='lat' dir='ltr'>Heinsii</span> <span class='ocrx_word' id='word_1_432' title='bbox 519 2102 737 2135; x_wconf 81' lang='lat' dir='ltr'>explicationem</span> <span class='ocrx_word' id='word_1_433' title='bbox 756 2102 803 2126; x_wconf 76' lang='lat' dir='ltr'>vix</span> <span class='ocrx_word' id='word_1_434' title='bbox 821 2102 966 2135; x_wconf 80' lang='lat' dir='ltr'>quisquam</span> <span class='ocrx_word' id='word_1_435' title='bbox 984 2099 1067 2125; x_wconf 79' lang='lat' dir='ltr'>hodie</span> <span class='ocrx_word' id='word_1_436' title='bbox 1086 2097 1224 2132; x_wconf 83' lang='lat' dir='ltr'>probabit.</span> <span class='ocrx_word' id='word_1_437' title='bbox 1252 2097 1323 2122; x_wconf 78' lang='lat' dir='ltr'>Nam</span> <span class='ocrx_word' id='word_1_438' title='bbox 1348 2088 1493 2128; x_wconf 76' lang='grc' dir='ltr'><strong><em>ὁδοιπορια</em></strong></span> <span class='ocrx_word' id='word_1_439' title='bbox 1516 2102 1571 2120; x_wconf 85' lang='lat' dir='ltr'>non</span> <span class='ocrx_word' id='word_1_440' title='bbox 1589 2095 1661 2120; x_wconf 83' lang='lat' dir='ltr'>idem</span> <span class='ocrx_word' id='word_1_441' title='bbox 1679 2094 1774 2121; x_wconf 83' lang='lat' dir='ltr'>valere</span> 
     </span>
     <span class='ocr_line' id='line_1_38' title="bbox 219 2135 555 2177; baseline -0.018 -7"><span class='ocrx_word' id='word_1_442' title='bbox 219 2146 312 2177; x_wconf 76' lang='lat' dir='ltr'>potest</span> <span class='ocrx_word' id='word_1_443' title='bbox 333 2143 405 2176; x_wconf 75' lang='lat' dir='ltr'>quod</span> <span class='ocrx_word' id='word_1_444' title='bbox 425 2135 439 2166; x_wconf 87' lang='grc' dir='ltr'><strong>ὁ</strong></span> <span class='ocrx_word' id='word_1_445' title='bbox 461 2138 555 2170; x_wconf 64' lang='grc' dir='ltr'>πλοῦς.</span> 
     </span>
    </p>
   </div>
  </div>
 </body>
</html>
