1872 2345
829 69 1082 110 ...54-

199 159 310 199 liujus
329 169 459 196 versus,
486 159 534 188 sie
557 158 786 200 distinguendi
808 167 844 190 ut
865 160 899 191 τύ
917 173 947 201 γε
968 161 1132 192 referatur
1152 161 1193 193 ad
1211 165 1332 197 νικασεῖς
1354 166 1386 191 et
1407 160 1515 199 ἀείδων,
1539 161 1608 193 haec
1631 164 1683 193 est
1707 171 1783 192 sen-

117 213 240 243 tentia:
262 211 417 243 Fortasse
433 210 521 243 alius
544 212 684 250 peritior
708 224 804 254 quam
826 215 862 244 tu
886 224 921 244 es
943 223 995 245 me
1018 214 1141 252 vincet,
1164 220 1200 244 tu
1221 213 1352 256 quidem
1372 213 1518 244 canendo
1539 225 1590 246 me
1609 223 1782 253 numquam

116 266 249 303 vinces,
283 274 388 305 neque
412 265 443 294 si
472 263 552 304 quid
575 262 638 293 tibi
660 264 814 295 acciderit
836 266 861 296 i.
885 275 913 295 e.
939 264 1013 305 (οὐδ’
1036 263 1062 296 εἰ
1080 264 1256 306 διαρραγείης
1276 263 1359 306 ᾄδων.
1382 262 1508 305 Schol.)
1531 265 1561 295 si
1586 271 1618 296 te
1640 273 1783 304 rumpas,

119 327 151 346 si
174 326 337 346 moriaris.

199 377 244 409 V.
268 379 317 411 13.
358 375 409 410 καὶ
430 378 494 410 τίνα
515 378 699 420 θησεύμεσθ’,
721 376 779 414 ὅτις
801 377 867 418 ἁμῖν
889 377 986 420 ἄρκιος
1006 377 1064 420 εἴης

198 443 237 475 ln
268 445 406 487 vulgata
435 448 703 486 interpretatione
736 446 986 485 „deponemus“
1014 446 1168 488 neglecta
1189 450 1241 478 est
1260 448 1360 480 medii
1380 453 1550 488 potestas,
1586 453 1782 490 quapropter

114 496 198 527 adde
221 497 295 528 vel:
319 499 438 530 inter
462 510 554 537 nos,
579 500 782 529 vicissim
806 498 878 529 vel:
904 509 955 529 ex
980 500 1151 529 nostris
1175 498 1371 530 rebus.—
1391 499 1450 536 ὅτις
1471 500 1575 542 ἄρκιος.
1618 499 1781 537 Quemad-

114 548 244 580 modum
274 549 473 581 Theocritus
503 550 610 586 ἄεθλος
632 551 681 581 de
713 552 912 589 praemio
942 551 1202 582 certaminis
1233 551 1385 582 consulto
1408 553 1561 590 posuisse
1583 553 1714 583 videtur
1736 562 1781 583 ex

116 600 279 629 eonnnuni
304 611 463 637 sermone,
486 602 639 641 quoniam
661 600 809 630 homines
836 601 1007 631 inferioris
1029 601 1231 631 condicionis
1252 602 1360 632 minus
1385 604 1528 632 accurati
1546 604 1673 632 suntin
1691 604 1780 642 ejus-

114 652 205 683 modi
229 652 347 691 rebus,
379 654 425 683 ita
448 656 561 684 contra
582 654 746 686 Homerus
778 653 862 687 ἆθλα
885 657 955 696 jam
977 656 1066 686 dixit
1090 657 1267 686 certamina
1289 657 1363 697 ipsa
1387 655 1451 687 Od.
1475 655 1566 695 vlu,
1590 658 1659 690 160.
1680 666 1779 698 porro

114 704 253 734 Hesiod.
279 704 342 743 Op.
365 710 397 734 et
421 704 463 735 D.
484 708 556 739 654.
578 707 632 747 (de
658 707 749 737 ludis
776 707 1008 746 funebribus),·
1039 706 1233 745 Antiphilus
1264 707 1347 747 Byz.
1373 709 1408 737 in
1432 707 1562 738 Delect.
1586 708 1701 748 Epigr.
1726 708 1778 743 ed,

114 755 245 786 Jacobs.
268 755 330 794 IV,
359 759 388 788 8.
411 759 440 789 4.
464 768 497 799 p.
521 760 573 790 82.
603 758 698 789 Adde
721 758 844 800 Poppo.
867 760 901 789 in
923 758 1073 798 Thucyd.
1096 758 1184 789 Part.
1206 758 1263 790 Ill.
1289 759 1368 790 Vol.
1392 759 1415 790 l.
1438 770 1468 798 p.
1492 761 1543 792 86.
1564 778 1606 782 —
1639 759 1676 789 In
1698 769 1779 790 voce

113 808 210 849 ἄρκιος
242 808 441 847 explicanda
473 810 686 842 dissentiunt.
731 810 924 842 Buttmanni
949 811 1076 853 (chil.
1100 810 1141 849 ll,
1163 822 1193 850 p.
1215 812 1281 853 36.)
1305 813 1390 843 ratio
1412 812 1626 844 artificiosior
1647 811 1781 842 videtur

113 862 311 905 Goettlingio
344 865 378 894 in
410 864 549 896 Ilesiod.
581 865 646 907 Op.
671 872 704 897 et
728 866 771 897 D.
795 868 891 905 351.,
922 867 984 898 sed
1014 866 1150 908 probata
1174 873 1224 898 est
1246 866 1286 898 ab
1309 867 1496 898 Hermanno
1519 866 1642 906 Opusc.
1665 865 1726 904 VI,
1750 866 1780 897 1.

112 927 141 955 p.
163 918 235 949 231.
257 922 345 948 extr.
372 918 458 949 Mihi
480 921 513 949 in
528 919 698 951 Theocriti
719 931 846 962 quoque
866 921 975 952 locum
995 923 1155 963 quadrare
1173 922 1305 953 videtur
1323 921 1526 962 explicatio:
1551 921 1657 960 quod
1679 929 1778 951 com-

111 970 269 1000 modum
294 972 367 1008 sit,
399 971 568 1006 ἐπιεικές.
592 972 634 1002 cf.
656 972 772 1003 Lehrs.
799 971 923 1008 Quaest.
946 973 1041 1014 Epic.
1063 984 1094 1012 p.
1116 974 1188 1006 248.

194 1043 238 1074 V.
263 1045 313 1074 14.
355 1044 409 1079 θές
430 1058 466 1085 γε.
510 1045 677 1076 Particula
698 1059 727 1087 γε
747 1046 840 1077 deest
860 1048 893 1076 in
914 1047 1090 1087 permultis
1112 1047 1204 1078 codd.
1230 1047 1387 1085 Speciosa
1406 1045 1537 1084 quidem
1556 1050 1607 1075 est
1625 1043 1777 1084 Briggsii

111 1098 299 1137 conjectura
328 1096 361 1127 τὺ
383 1096 412 1128 δὲ
432 1095 496 1133 θεὶς
517 1099 660 1139 ι’σομάτορ’
685 1098 726 1139 ἄγ’
751 1100 848 1138 ἀμνόν,
879 1100 938 1130 sed
968 1100 1018 1140 ἄγε
1050 1099 1111 1129 hoc
1142 1099 1215 1130 loco
1241 1099 1373 1129 inutilis
1397 1099 1539 1129 videtur.
1582 1096 1670 1129 Num
1690 1097 1777 1127 forte

112 1157 245 1195 scripsit
268 1161 364 1193 poeta
384 1156 446 1187 θίσ’
471 1158 701 1198 imperativum
712 1121 836 1196 ffiiedii,
858 1158 880 1187 i.
903 1168 931 1187 e.
957 1158 1121 1198 depone
1144 1168 1197 1189 ex
1220 1158 1312 1187 tuis
1342 1155 1496 1187 rebus}

201 1229 240 1260 V.
266 1230 315 1260 17.
358 1230 391 1261 τί
407 1228 435 1260 δὲ
455 1229 489 1261 τὸ
511 1231 594 1261 πλέον
615 1232 672 1268 ἑξεῖ
689 1230 705 1262 ὁ
727 1234 829 1266 νικῶι·;
861 1231 939 1272 quid
961 1230 1046 1261 lucri
1067 1231 1167 1261 faciet
1189 1230 1317 1261 victor?
1342 1232 1365 1261 i.
1390 1241 1418 1260 e.
1446 1228 1522 1270 quid
1543 1226 1602 1258 ille
1622 1226 1697 1266 plus
1719 1226 1776 1257 ha-

111 1281 213 1320 bebit,
237 1291 333 1323 quam
356 1281 452 1311 alter.
478 1276 523 1312 cf]
544 1282 660 1324 Epigr.
684 1281 742 1319 Vl,
764 1284 796 1314 5.
821 1281 884 1313 Th.
908 1281 934 1320 Ι,
956 1284 1008 1314 20.
1031 1281 1064 1314 τὸ
1085 1283 1169 1314 πλέον
1189 1282 1298 1322 μώσιις,
1320 1282 1379 1312 dae
1407 1290 1474 1311 was·
1502 1280 1562 1310 das
1584 1278 1710 1310 Hc'iltere
1732 1282 1778 1310 ist

111 1338 166 1368 des
192 1335 367 1377 Gesanges,
392 1347 470 1378 ergo
493 1335 537 1369 ἐπὶ
558 1336 591 1369 τὸ
612 1337 696 1369 πλέον
717 1338 832 1370 ἱκέσθαι
851 1341 953 1379 μῶσας
976 1345 1045 1370 est:
1078 1338 1219 1369 ulterius
1235 1344 1456 1379 ‘progressum
1480 1345 1554 1366 esse
1573 1335 1608 1365 in
1632 1335 1774 1366 carmine

112 1392 133 1420 i.
153 1401 181 1420 e.
207 1390 240 1419 in
264 1395 332 1419 arte
357 1389 504 1419 canendi.
549 1389 622 1419 Hoc
644 1389 717 1420 loco
737 1400 794 1427 per
813 1390 847 1421 τὸ
867 1391 952 1421 πλέον
973 1390 1176 1432 intelligitur
1197 1391 1212 1422 ὁ
1232 1390 1347 1430 μισθός,
1374 1389 1408 1421 τὸ
1430 1387 1543 1420 ἄεθλον.

191 1461 236 1492 V.
263 1463 312 1494 19.
356 1461 403 1492 Hi
434 1468 584 1503 pastores
608 1462 826 1504 possidebant
855 1463 1003 1495 fistulam
1024 1463 1206 1505 ἕννεάφωνον,
1230 1473 1348 1494 novem
1371 1472 1468 1494 voces
1491 1460 1675 1500 habentem,
1699 1461 1722 1492 i.
1743 1471 1772 1493 e.

111 1528 226 1547 novem
249 1516 404 1546 calamos.
425 1516 556 1547 Fistula
577 1518 754 1554 pastoricia
770 1517 963 1557 plerumque
983 1520 1029 1548 ita
1049 1522 1235 1558 comparata
1251 1523 1332 1555 erat,
1355 1523 1390 1546 ut
1410 1516 1494 1546 alter
1518 1516 1662 1547 calamus
1674 1517 1775 1556 juxta

112 1571 253 1601 alterum
282 1572 467 1610 compactus
499 1572 532 1599 et
561 1579 636 1599 cera
666 1568 792 1600 oblitus
823 1576 932 1609 esset,
964 1574 997 1600 et
1027 1572 1075 1601 sic
1098 1570 1227 1609 quidem
1258 1576 1294 1599 ut
1316 1568 1434 1600 calami
1456 1575 1489 1599 ct
1510 1568 1718 1611 longitudine
1741 1575 1774 1601 et

112 1623 335 1656 crassitudine
360 1624 510 1663 dispares
534 1634 553 1653 a
573 1624 719 1654 maximo
741 1633 845 1662 usque
869 1624 910 1654 ad
933 1625 1103 1655 minimum
1125 1624 1371 1656 descenderent.

240 1686 385 1724 Fistula,
410 1688 463 1717 cui
485 1698 610 1725 semper
632 1688 792 1718 decrescit
813 1687 985 1717 arundinis
1008 1688 1123 1722 ordo:,

284 1739 370 1772 Nam
393 1740 539 1772 calamus
562 1752 637 1773 cera
654 1742 808 1783 jungitur
831 1751 937 1784 usque
958 1741 1075 1773 minor.

194 1815 244 1845 Ita
265 1814 395 1846 Tibull.
421 1814 464 1853 11,
487 1816 518 1847 5.
540 1815 613 1853 31.,
645 1814 702 1845 ubi
733 1814 984 1846 Brouckhusius
1014 1816 1099 1847 alios
1130 1815 1222 1846 locos
1254 1815 1434 1855 congessit.
1452 1815 1490 1855 Ὅ
1511 1815 1553 1846 cf.
1576 1817 1630 1854 qui
1652 1817 1691 1848 de
1712 1817 1772 1850 hac

110 1869 256 1910 syringis
286 1868 414 1899 ratione
445 1868 566 1907 optime
600 1868 756 1906 exposuit
785 1866 815 1898 J.
847 1868 890 1901 11.
921 1868 1066 1900 Vossius
1098 1870 1132 1899 in
1160 1868 1259 1910 Virg.
1284 1867 1359 1899 Ecl.
1386 1867 1431 1907 ll,
1455 1869 1506 1901 35.
1528 1879 1558 1908 p,
1580 1871 1632 1901 56.
1656 1871 1705 1901 ed.
1729 1870 1770 1902 ΙΙ,

108 1925 187 1956 Haec
212 1923 315 1964 igitur
338 1922 434 1953 hodie
456 1929 534 1953 nota
556 1929 644 1954 sunt.
687 1922 733 1954 At
761 1922 863 1954 verba
883 1934 954 1965 quae
976 1924 1062 1965 apud
1094 1923 1308 1955 Theocritum
1329 1929 1510 1965 sequuntur
1532 1922 1592 1956 ἴσον
1612 1925 1691 1956 κάτω
1712 1926 1772 1958 ἴσον

106 1978 220 2011 ἄνωθεν
251 1976 330 2015 quid
352 1977 553 2018 significent,
586 1988 692 2017 neque
723 1976 764 2008 ab
793 1979 936 2019 antiquis
959 1988 1064 2020 neque
1093 1988 1113 2008 a
1134 1976 1375 2008 recentioribus
1395 1977 1628 2017 interpretibus
1653 1978 1770 2020 expla-

108 2034 220 2063 natum
249 2035 323 2068 est,
358 2029 387 2059 si
416 2031 592 2073 exceperis
621 2029 803 2061 Greverum
827 2029 898 2071 (Kl.
925 2029 1082 2071 Beitrc‘ige
1110 2040 1144 2072 p.
1175 2029 1255 2071 69.),
1287 2031 1343 2072 qui
1373 2029 1441 2061 haec
1470 2030 1657 2061 adnotavit:
1690 2031 1772 2071 „icor

141 2110 166 2140 ⁴)
200 2109 235 2135 L.
258 2089 370 2134 nissen.
396 2107 426 2132 in
449 2107 553 2133 rumn.
583 2108 772 2134 commentar.
802 2114 831 2140 p.
854 2107 917 2136 281.
945 2106 1069 2134 conferri
1089 2106 1170 2140 subet
1192 2105 1294 2135 Achai.
1313 2107 1377 2135 Tae.
1397 2107 1473 2141 vm,
1490 2116 1515 2135 c.
1534 2107 1561 2136 ε.
1579 2113 1607 2140 p.
1625 2105 1685 2135 174.
1703 2106 1770 2135 edit.

108 2150 234 2182 Jacobs„
252 2156 333 2184 quem
351 2148 446 2174 locum
466 2148 603 2183 inspicere
622 2147 691 2174 mihi
711 2155 766 2174 non
785 2147 877 2175 licuit.
