1872 2345
805 95 1061 133 -18-

94 189 170 225 post
193 181 267 223 ἴδμεν
290 188 322 214 et
342 192 401 222 pro
424 181 483 215 αἰὲν
504 184 630 225 recepit
651 182 734 216 οὖναὶ
759 194 802 214 ex
826 183 896 213 cod.
912 182 990 214 Vat.
1015 183 1081 215 Sed
1091 182 1191 215 οὕνεκα
1213 185 1345 216 videtur
1355 183 1523 226 glossema
1538 195 1613 216 esse
1628 184 1758 216 Scholi-

95 247 186 279 astae‚
209 242 262 271 cui
284 242 390 271 oratio
413 241 592 271 offensioni
616 241 689 271 fuit.
730 241 807 271 Fuit
832 242 993 271 immerito
1016 247 1053 271 ut
1076 240 1230 272 arbitror.
1276 240 1382 278 Quam
1404 251 1491 283 saepe
1512 243 1600 273 enim
1619 241 1755 273 mobilis

96 298 254 328 transitus
285 297 344 328 fiat
377 308 396 328 a
426 307 576 328 sermone
608 296 743 328 aliunde
767 307 930 338 suspenso
959 297 1000 327 ad
1022 299 1204 328 orationem
1224 298 1388 336 directam,
1409 305 1521 329 notum
1544 305 1606 329 est.
1648 299 1757 341 Atque

96 354 163 386 haec
187 354 290 385 oratio
314 355 438 386 directa
461 355 538 387 huic
561 356 633 387 loco
656 356 798 386 maxime
820 355 992 392 convenit,
1016 356 1199 395 praesertim
1222 366 1293 386 cum
1316 363 1412 387 antea
1433 357 1607 395 praesentia
1629 357 1751 398 (ἐρᾶται,

95 412 160 453 ἔχει)
181 412 289 450 posita
313 414 393 452 sint,
427 419 543 454 postea
563 415 695 453 propter
719 413 891 442 sementim
915 411 1205 442 conformationem
1228 421 1406 454 sequantur
1427 414 1627 454 imperfecta.
1672 412 1758 450 Quae

97 470 241 500 sirecte
270 471 394 512 scripta
425 476 512 508 sunt,
545 480 662 501 sensus
702 472 771 499 est:
813 467 1035 499 Teneatne
1069 478 1159 498 eum
1190 468 1372 507 puellae
1406 470 1676 502 desiderium
1708 482 1758 502 an

95 528 242 569 pueri,
274 528 318 558 id
350 538 397 558 se
425 533 547 558 certo
571 528 690 558 scire
721 526 922 567 negabat,
954 525 1029 568 ἀτὰρ
1049 526 1141 558 τόσον·
1163 537 1209 556 sc.
1239 526 1319 567 ἔφατ’
1343 526 1456 568 ἀτρεκὲς
1478 526 1559 568 ἴδμεν,
1585 528 1661 560 sed
1682 528 1758 561 hoc

96 588 278 615 tantum:
301 594 469 625 semper
489 585 528 614 in
552 584 753 615 honorem
774 584 861 624 (sive
883 585 1013 624 nomen)
1033 585 1100 614 sui
1123 585 1281 613 amoris
1302 584 1389 624 (sive
1411 584 1532 624 puellae
1553 587 1626 617 sive
1647 584 1755 627 pueri)

99 652 130 672 m
143 652 257 672 erum
281 643 323 672 in
334 642 376 672 fu
388 651 408 671 n
419 641 459 671 di
483 641 571 672 sibi
585 643 632 682 ju
646 642 665 673 b
676 653 692 672 e
703 640 723 671 b
735 647 786 671 at.
809 639 1088 671 Wuestemannus
1107 640 1203 670 dicit:
1228 641 1421 681 „genitivus
1435 641 1550 683 ἀκράτω
1563 642 1672 681 habet,
1697 653 1760 682 quo

100 699 329 730 defendatur.“
369 697 485 729 Nonne
510 705 562 730 est
584 700 779 729 tritissimus
804 699 973 739 genitivus
994 698 1183 737 pai-titivm,
1217 696 1312 727 nobis
1336 707 1464 738 quoque
1489 698 1550 728 ille
1572 709 1635 730 non
1652 701 1759 731 inusi-

96 760 183 787 tatus
207 755 301 795 (Und
318 766 351 786 es
362 755 504 787 schenkee
523 757 583 787 der
594 756 709 787 B'o'ltme
728 756 784 786 des
798 755 973 796 perlenden
989 753 1034 783 W
1031 756 1122 794 eins.)
1134 756 1150 785 ‚²
1175 754 1248 785 Non
1266 765 1372 785 moror
1384 761 1491 784 autem
1504 754 1684 787 Greverum
1703 757 1760 788 ad-

99 816 264 845 notantem
274 813 408 854 (Kleine
421 811 577 854 Beilriige
593 823 624 852 p.
636 815 718 854 449:
746 812 826 844 Wae
847 813 908 844 den
921 811 1046 842 Gem'tiv
1064 810 1191 852 Ἔρωτος
1208 811 1343 850 heir-affl,
1365 821 1399 841 ,νο
1417 814 1460 842 ise
1474 812 1547 847 οἶνος
1555 813 1631 844 oder
1648 813 1762 849 κόρυθος

99 881 137 901 zu
157 870 343 911 suppliren;
367 871 453 909 quod
477 871 604 902 redolet
628 872 809 902 doctrinam
832 869 1038 900 Scholiastae.
1062 868 1164 899 Porro
1188 868 1300 909 „dixero
1320 868 1427 910 φεύγων
1450 869 1620 901 celerrime
1644 881 1679 901 se
1703 869 1760 901 ab-

102 928 230 968 ripuit“
264 926 563 963 Wuestemannus;
606 929 640 958 in
672 927 777 959 latina
806 927 1075 967 interpretatione
1105 925 1191 965 apud
1228 924 1357 956 Kiessl.
1389 925 1566 963 „celeriter
1600 927 1761 959 abiisse.“

98 984 142 1015 At
166 983 347 1015 celeritatis
370 985 539 1015 notionem
570 995 664 1023 quam
696 986 872 1015 etiamnum
897 988 1045 1013 statuunt
1070 983 1273 1022 grammatici
1295 982 1335 1022 *J
1358 981 1398 1012 ab
1423 981 1482 1013 hoc
1506 983 1606 1014 verbo
1630 983 1760 1024 abesse,

102 1048 199 1080 utque
220 1042 331 1080 potius
353 1040 489 1072 verbum
512 1040 624 1082 οᾶομαι
644 1042 797 1082 adjuncto
817 1041 989 1082 participio
1009 1038 1094 1069 nihil
1118 1038 1309 1079 significare
1330 1039 1398 1069 nisi
1418 1045 1565 1070 nostrum
1578 1043 1660 1079 jort,
1680 1052 1761 1083 weg,

103 1099 186 1131 mihi
206 1099 337 1138 quidem
362 1109 556 1140 persuasum
579 1105 642 1137 est,
667 1109 746 1140 ergo
766 1098 797 1129 h.
821 1098 845 1129 l.
870 1098 1000 1138 aufugit
1021 1107 1057 1127 er
1076 1095 1270 1134 eiltefort.

188 1179 233 1211 V.
258 1181 329 1213 156.
372 1178 420 1212 καὶ
440 1180 506 1221 παρ’
529 1177 588 1220 ἐμὶν
608 1180 689 1220 ἐτίθη
710 1179 764 1211 τὰν
784 1179 900 1222 Δωρὰἳα
920 1179 1056 1214 πολλάκις
1076 1177 1174 1210 mnan.

190 1254 322 1287 Wuest.
347 1254 555 1286 Scholiasten
577 1255 724 1285 refutans
748 1255 865 1294 credit,
889 1254 972 1285 hanc
992 1252 1171 1295 ampullam
1192 1252 1350 1285 oleariam
1370 1264 1428 1293 pro
1451 1251 1628 1291 Delphidis
1651 1254 1763 1287 condi-

107 1313 199 1342 cione
230 1318 262 1342 et
292 1322 350 1350 pro
378 1312 450 1351 ejus
474 1322 536 1341 usu
558 1322 575 1341 e
599 1313 688 1341 corio
721 1312 838 1341 factam
868 1322 963 1349 esse,
987 1311 1141 1341 Doricam
1165 1315 1273 1341 autem
1297 1312 1375 1349 dici,
1406 1321 1475 1349 quae
1499 1310 1620 1341 Atticis
1639 1311 1766 1351 λήκυθος

107 1369 300 1409 appelletur.
333 1367 371 1399 Id
393 1368 576 1399 verisimile
600 1375 651 1399 est
671 1368 851 1410 collegisse
873 1367 1167 1399 Wuestemannum
1193 1378 1236 1399 ex
1258 1367 1368 1398 schol.
1393 1367 1427 1408 „1‘1
1449 1367 1595 1408 δερματίνη
1616 1368 1766 1408 λήκυθοςέ·

109 1427 174 1457 Sed
199 1436 263 1456 non
284 1426 466 1464 spernenda
487 1432 536 1455 est
559 1427 738 1456 auctoritas
758 1426 869 1465 Etym.
887 1425 947 1463 M„
970 1424 1027 1455 ubi
1042 1435 1072 1463 p.
1089 1426 1159 1464 623,
1179 1428 1210 1457 4.
1234 1424 1301 1455 haec
1316 1424 1488 1465 leguntur:
1511 1423 1616 1465 εἴρηται
1636 1424 1665 1457 δὲ
1684 1425 1767 1467 παρὰ

108 1483 141 1515 τὸ
162 1481 242 1514 οἱονεὶ
263 1482 432 1514 §taedam
453 1481 533 1513 τινὰ
554 1482 631 1519 εἶναι,
654 1482 714 1514 διὰ
734 1481 775 1514 τὸ
796 1483 834 1514 δι’
854 1480 1230 1521 αὐτῆςόπιπεύεσθαι
1250 1481 1433 1517 τοῦλαιον,
1456 1491 1593 1519 quocum
1605 1485 1768 1515 consentit

111 1551 196 1571 unus
221 1551 238 1570 e
259 1539 391 1570 Sehol.:
421 1537 500 1572 ὄλπις
521 1537 602 1571 οἱονεὶ
622 1539 755 1576 ἐλαιόπις,
789 1542 884 1580 atque
916 1548 1022 1569 sermo
1046 1537 1107 1568 ille
1126 1537 1288 1577 jocularis
1312 1538 1395 1576 apud
1418 1536 1610 1573 Athenaeum
1633 1537 1692 1578 Vl,
1716 1542 1766 1572 12.

114 1595 199 1633 Quis
230 1606 308 1626 vero
337 1605 395 1636 per
427 1596 550 1625 corium
582 1596 688 1626 oculis
713 1598 900 1637 perspicere
922 1595 1051 1633 potest?
1095 1593 1299 1635 Quapropter
1323 1594 1455 1625 facilius
1481 1595 1607 1633 credas,
1632 1597 1767 1635 juvenis

112 1653 291 1695 ampullam
314 1652 419 1682 fuisse
438 1652 493 1682 vel
516 1663 677 1691 corneam,
700 1655 747 1683 ita
768 1657 803 1683 ut
823 1653 839 1693 ἡ
861 1652 1017 1693 δερματίνη,
1041 1652 1126 1693 quod
1143 1652 1229 1692 apud
1247 1650 1455 1682 Scholiasten
1473 1650 1609 1692 legitur,
1627 1656 1769 1686 mutetur

112 1712 146 1741 in
169 1709 306 1751 κερατίνη,
336 1708 390 1739 vel
423 1720 500 1739 vero
532 1710 628 1740 etiam
652 1720 696 1740 ex
723 1709 858 1740 metallo
882 1710 1020 1751 quodam
1044 1698 1232 1740 confectam.
1278 1707 1362 1739 Nam
1390 1707 1572 1739 nobiliores
1595 1708 1769 1742 utebantur

114 1767 269 1809 ampullis
291 1766 346 1797 vel
367 1767 535 1808 argenteis
558 1766 712 1807 (Theocr.
732 1766 866 1806 XVlll,
888 1768 953 1808 45.)
978 1766 1031 1797 vel
1043 1766 1154 1797 aureis
1177 1754 1287 1807 (Hom.
1312 1765 1376 1797 od.
1399 1764 1460 1804 vl,
1483 1766 1547 1806 79.)
1570 1766 1626 1797 vel
1644 1778 1684 1799 ex
1699 1768 1767 1800 alio

149 1895 178 1928 *>
213 1894 301 1920 veluti
319 1894 395 1920 Rost
414 1894 441 1926 g
461 1894 521 1923 1991
545 1894 571 1920 5,
591 1896 701 1920 vertens
720 1885 823 1926 ᾠχώκει
845 1885 938 1926 φέρων
958 1883 1064 1922 „haue
1088 1884 1258 1916 eileude
1280 1884 1519 1936 fortgetragen.
1528 1888 1547 1904 “
1569 1893 1711 1920 Kuehner
1739 1896 1769 1922 in

219 1935 269 1961 Gr.
288 1936 352 1968 maj.
372 1936 387 1968 ξ
405 1936 465 1962 664.
488 1939 516 1961 et
535 1935 563 1960 in
581 1935 631 1960 Gr.
649 1935 808 1960 scholarum
826 1935 888 1960 usui
906 1935 1048 1960 destinata
1067 1935 1093 1967 §-
1112 1933 1172 1961 574.
1190 1935 1395 1967 interpretatur
1413 1925 1498 1966 ὤχετο
1509 1927 1625 1967 φεύγων.
1651 1953 1669 1966 ,,
1661 1936 1769 1966 ,cela-i.

217 1979 263 2002 ter
288 1975 444 2009 fugiebat-‘⁶
478 1978 593 2003 Rectius
615 1976 724 2009 judicat
748 1975 887 2001 Matthiae.
907 1977 956 2002 Gr.
976 1977 1002 2009 ξ.
1021 1977 1081 2003 561.
1100 1984 1125 2001 c.
1144 1983 1171 2008 p.
1193 1975 1268 2001 1305.
1288 1975 1330 2000 cd.
1350 1974 1395 1999 lll.
1430 1975 1519 2009 Atque
1536 1982 1587 2008 pro
1605 1983 1672 2001 vera
1690 1976 1771 2011 huju.

218 2016 298 2042 verbi
314 2016 521 2049 significatione
537 2019 596 2050 jam
614 2026 689 2051 saepe
709 2018 895 2050 propugnavit
913 2018 957 2043 vir
975 2017 1154 2043 acutissimus
1172 2014 1329 2041 Mehlhorn.
1348 2024 1373 2041 e.
1391 2024 1416 2041 c.
1435 2017 1464 2041 in
1483 2016 1575 2042 indice
1591 2015 1769 2051 Anthologioe

221 2057 340 2087 Graecae,
364 2058 447 2091 Glog.
467 2060 533 2085 1827
551 2058 644 2089 editae,
669 2066 697 2091 p.
717 2060 776 2087 1071
794 2059 822 2083 in
840 2059 966 2084 dissert.:
985 2059 1040 2089 „de
1059 2057 1260 2090 adjectivorum
1278 2064 1327 2089 pro
1347 2057 1477 2083 adverbio
1490 2057 1645 2089 positorum
1659 2059 1770 2087 ratione

220 2102 249 2124 et
272 2106 324 2123 usu
348 2098 413 2124 1828
438 2107 463 2131 p.
487 2100 513 2126 9.
533 2098 609 2124 Nota
632 2106 655 2124 r.
667 2099 694 2129 ;“
722 2099 751 2123 in
778 2098 894 2132 Ephem.
913 2099 1043 2125 liallens.
1063 2099 1092 2123 in
1112 2104 1232 2123 censura
1249 2098 1360 2130 egregii
1381 2098 1482 2124 Lexici
1500 2096 1668 2130 Sophoclei,
1697 2100 1769 2131 quod

219 2138 377 2173 composuit
398 2138 523 2165 Ellendt.
547 2139 660 2166 Utinam
683 2138 842 2167 Mehlhorn.
865 2140 976 2167 minora
999 2140 1118 2174 scripta,
1142 2137 1177 2165 ab
1195 2137 1257 2173 ipso
1275 2138 1427 2173 separatim
1447 2138 1558 2171 emina,
1576 2144 1642 2164 mox
1658 2137 1723 2165 edat
1739 2140 1770 2175 in

221 2188 307 2207 unum
322 2179 427 2207 librum
444 2181 576 2207 collecta.
