1872 2345
825 78 1079 117 ...eom

110 171 240 203 nificat:
272 171 398 209 impone
420 167 634 211 operculum,
669 169 728 201 sed
762 169 839 201 vide
871 174 1001 201 rectene
1035 168 1079 199 sit
1102 167 1252 202 clausum
1272 169 1474 211 operculum.
1520 170 1566 203 At
1596 170 1698 204 verba
1728 170 1779 214 ὄρη

111 229 210 269 δίφρον
233 229 309 267 αὐτᾷ
333 226 530 266 respondent
562 232 695 258 nosti-ot
731 227 797 258 εἱεΙι
828 226 897 262 dieb
928 224 1009 255 nach
1030 228 1129 257 einen!
1146 226 1254 261 Smhle
1269 230 1327 268 fiIr
1347 231 1393 262 sie
1407 238 1466 259 mn.
1507 227 1592 265 Apta
1616 229 1780 269 exempla,

113 286 148 315 in
172 284 289 322 quibus
314 282 449 313 verbum
481 283 664 313 videndi
693 286 765 324 pari
787 288 950 325 potestate
971 284 1115 321 positum
1139 291 1209 323 est,
1240 295 1313 316 cum
1338 284 1398 316 hoc
1418 284 1590 316 Theocriti
1612 285 1685 317 loeo
1704 296 1781 317 con-

112 340 216 371 tendit
240 339 278 370 R.
301 339 471 369 Kuehner.
495 340 529 369 in
553 338 622 370 Cic.
647 340 747 370 Tusc.
771 339 831 378 Ill,
856 342 903 371 19.
928 348 959 376 p.
982 340 1053 371 265.
1078 340 1130 371 ed.
1153 340 1192 375 11.
1212 358 1256 364 —-
1285 340 1411 376 Addam
1431 351 1492 383 ego
1515 340 1654 380 denique
1676 343 1781 373 notis-

113 400 230 431 simum
251 396 371 436 locum,
394 408 489 437 quem
511 408 609 436 supra
632 397 828 427 memoravit
851 394 1092 436 Bo'issonadus,

110 458 149 496 6)
193 455 241 486 Id.
267 455 403 485 XXIV.
426 457 476 487 50.
521 454 641 486 ἅνστατε
662 457 752 493 δμῶες
772 454 985 495 ’ταλασίφρονω
1009 454 1123 490 αὐτὸς
1144 455 1229 487 otther.

193 511 377 542 Pronomen
408 510 657 550 αἰντό,·,,11εει·ιι5,
687 510 950 548 paterfamilias“
981 511 1051 541 fere
1079 509 1200 549 ubique
1225 511 1376 541 affertur.
1419 511 1463 541 Et
1495 517 1602 542 tamen
1626 511 1780 542 utinam

112 571 417 612 interpretationem
445 568 681 600 substituamus
711 568 805 599 nulla
835 569 923 610 cogit
951 569 1143 599 necessitas.
1189 568 1250 599 Est
1278 569 1387 607 potius
1415 568 1503 604 αὐτός
1534 570 1650 608 ipse,
1684 575 1780 609 atque

113 629 344 668 distinguitur,
369 628 423 665 qui
446 625 477 655 h.
503 624 526 655 l.
551 626 643 667 ipse
669 632 815 664 vocatur,
838 625 878 659 ab
902 625 968 655 alio
986 626 1141 665 primario
1155 625 1294 666 quodam
1315 627 1480 664 ministro,
1505 627 1558 655 cui
1582 627 1672 664 ipse
1695 626 1780 658 alias

113 687 214 718 tradit
245 684 397 715 mandata
425 694 485 714 sua
514 682 654 722 reliquis
688 682 823 714 famulis
847 682 1053 722 perferenda.
1100 682 1224 713 Sensus
1248 683 1350 724 igitur
1373 688 1442 713 est:
1483 683 1575 721 ipse
1608 683 1779 723 claritat,

111 753 245 782 neque
276 752 351 781 per
382 741 508 772 alium
530 751 606 772 vos
630 741 783 772 vocari
813 739 952 780 jubet.
998 739 1064 771 Sed
1088 740 1261 771 redeamus
1286 741 1326 771 ad
1349 742 1482 771 tertium
1505 750 1645 771 carmen.

195 815 239 846 V.
263 818 314 847 48.
361 814 452 856 ,,ἁ’τερ
473 817 593 854 μασδοῖο
617 813 743 855 (schol.
763 814 896 854 μαστοῖο)
918 813 1021 854 flama
1065 813 1227 855 Loquitur
1246 814 1286 844 de
1300 813 1432 844 Venere
1453 820 1614 855 tamquam
1627 814 1666 844 de
1678 819 1780 845 matre

111 884 250 915 puerum
272 871 428 909 lactante,
462 871 547 910 quod
572 872 714 909 ineptum
737 877 803 901 est.
845 871 987 912 Scripsit
1011 872 1045 901 ni
1068 870 1170 902 fallor
1192 870 1259 912 ἄτερ
1280 876 1400 903 παστοΐο
1421 870 1525 910 τίθητι,
1549 881 1569 900 n
1583 881 1633 901 on
1653 881 1735 901 rem
1745 880 1781 901 ο-

111 937 182 961 vet
206 941 223 959 a
251 928 320 959 lec
337 936 378 958 to
402 927 612 969 geniali.“
637 928 687 959 lta
705 928 908 966 Meinekius‚
933 929 1028 968 cujus
1053 929 1272 969 conjecturam
1295 928 1406 959 verbis
1426 934 1530 969 poetae
1548 929 1615 968 jam
1636 929 1780 969 interpo-

113 988 181 1018 suit
213 985 253 1016 N.
284 985 429 1016 Baebius
461 987 494 1016 in
524 984 659 1016 Anthol.
686 985 742 1016 Gr.
768 997 799 1027 p.
824 987 892 1017 145.
938 984 1004 1015 Sed
1037 985 1179 1016 fortasse
1214 987 1406 1025 scripturam
1438 985 1596 1017 librorum
1621 987 1668 1016 ita
1692 986 1781 1015 tueri

112 1045 203 1082 licet,
230 1051 264 1074 ut
287 1043 389 1073 verba
411 1054 473 1073 non
498 1043 537 1073 de
560 1047 661 1075 matre
685 1054 819 1082 puerum
842 1043 996 1083 lactante,
1020 1043 1104 1082 quod
1125 1054 1204 1074 sane
1225 1045 1371 1084 ineptum
1394 1049 1495 1081 esset,
1523 1043 1580 1073 sed
1603 1042 1665 1074 hoc
1684 1042 1778 1073 modo

113 1101 364 1141 intelligantur:
392 1107 426 1130 ut
452 1111 525 1130 eum
547 1110 588 1130 ne
611 1108 773 1131 mortuum
796 1101 927 1142 quidem
956 1099 1109 1141 procul
1132 1112 1151 1131 a
1180 1107 1358 1141 pectore
1383 1106 1569 1141 seponat
1592 1101 1614 1130 i.
1639 1111 1666 1130 e.
1691 1109 1781 1131 eum

114 1169 204 1190 curu
237 1167 398 1187 summo
433 1167 572 1187 amore
606 1157 904 1198 amplectatur.
950 1155 1046 1193 Quod
1069 1163 1104 1187 ut
1133 1157 1288 1198 probem,
1320 1158 1399 1189 facit
1422 1157 1514 1188 locus
1539 1156 1653 1187 Bionis
1680 1156 1707 1195 I,
1729 1159 1780 1198 24,

113 1215 272 1254 ’Λίςσύριωι
294 1214 406 1253 smitam
428 1215 511 1244 πόσιν
531 1213 578 1245 καὶ
601 1218 717 1245 παῖδα
740 1219 871 1247 καλεῦσα.
917 1213 1101 1253 „Ma-rebat
1126 1214 1241 1245 Venus
1263 1214 1391 1245 Adonin
1418 1215 1573 1244 maritum
1591 1220 1623 1244 et
1644 1213 1782 1247 vocabat

113 1277 174 1308 mci,
197 1272 280 1302 meff‘
325 1269 485 1301 Extrema
512 1270 612 1302 verba
636 1275 713 1302 sunt
742 1271 986 1303 Schneidewini
1011 1270 1168 1311 (Conjett.
1193 1270 1289 1304 Critt.
1311 1281 1342 1309 p.
1368 1271 1463 1310 168),
1487 1270 1542 1308 qui
1564 1271 1677 1311 γοόωσα
1700 1281 1776 1312 pro-

116 1328 272 1361 babiliter
294 1329 453 1359 restituit.

794 1370 1000 1421 Idytlium
1029 1370 1108 1413 IV.

203 1447 241 1478 V.
266 1449 295 1478 4.
340 1446 355 1478 ὁ
377 1445 463 1487 γέρων
493 1445 680 1484 explicatur
708 1456 727 1476 a
758 1445 904 1477 Grevero
932 1448 1056 1488 pariter
1080 1452 1175 1484 atque
1199 1455 1218 1475 a
1245 1443 1431 1475 VVuestem.
1461 1449 1597 1482 „custos
1621 1444 1775 1485 gregis,“

116 1517 212 1546 quem
242 1511 336 1545 poeta
363 1503 448 1533 infra
474 1514 505 1533 v.
535 1505 587 1535 58.
619 1505 653 1533 in
680 1508 898 1545 contemptum
927 1510 1023 1535 vocat
1054 1503 1198 1545 γερόντιον,
1231 1502 1289 1533 sed
1312 1503 1434 1532 rectius
1453 1501 1624 1542 judicasse
1648 1502 1779 1533 videtur

115 1563 168 1594 Fr.
199 1560 329 1591 Jacobs.
365 1559 454 1600 [cum
486 1559 673 1590 Scholiasta
696 1562 728 1590 in
759 1572 790 1591 v.
812 1561 880 1603 58]
907 1563 939 1590 in
963 1567 1154 1601 argumento
1178 1560 1313 1590 carmini
1335 1559 1524 1598 lii-reposito,
1558 1557 1642 1588 hunc
1667 1569 1778 1590 senem

114 1620 221 1651 fuisse
244 1623 366 1656 patrem
391 1615 557 1656 Aegoni33
582 1627 774 1658 quamquam
798 1617 882 1658 quod
905 1618 995 1648 addit
1022 1617 1076 1647 Fr.
1099 1615 1250 1655 Jacobs.‚
1281 1626 1385 1646 sene
1410 1615 1505 1644 viso
1528 1620 1675 1652 pastores
1697 1614 1777 1646 illos

115 1678 205 1716 (inde
226 1686 244 1705 a
268 1686 298 1704 v,
322 1674 387 1713 553»
412 1672 553 1703 vernilia
577 1675 721 1710 quaedam
744 1676 784 1705 de
800 1677 873 1715 ejus
891 1675 1031 1706 lascivia
1047 1675 1240 1715 jactavisse,
1257 1684 1300 1704 ex
1319 1674 1392 1713 ipso
1404 1673 1545 1703 carmine
1557 1682 1620 1702 non
1631 1678 1776 1713 apparet.

115 1732 262 1762 Facilius
285 1731 419 1767 credas,
451 1735 599 1766 pastores
624 1737 737 1768 suopte
761 1732 894 1771 ingenio
916 1742 958 1761 ex
985 1732 1132 1761 idearum
1155 1730 1388 1766 associatione,
1413 1739 1507 1769 quam
1531 1734 1647 1758 vocant
1668 1728 1777 1769 philo-

116 1789 225 1830 sophi,
247 1788 388 1818 rediisse
412 1785 452 1817 ad
476 1785 562 1817 idem
585 1794 822 1827 argumentum,
846 1788 930 1820 unde
956 1798 1113 1819 exorsum
1131 1793 1182 1819 est
1203 1797 1315 1819 eorum
1337 1784 1548 1824 colloquium.

200 1861 244 1890 Υ.
270 1862 316 1892 11.
360 1861 452 1891 πείσαι
475 1873 520 1891 κεν
543 1860 645 1891 fliam»
666 1859 712 1891 καὶ
735 1860 791 1895 τὼς
812 1862 893 1896 λύκος
915 1861 1017 1893 αὐτίκα
1039 1863 1150 1903 λινσσῇν.

201 1915 311 1946 Locus
336 1921 384 1945 est
408 1915 663 1952 vexastssimus,
696 1915 789 1954 cujus
821 1913 1009 1952 explicandi
1034 1915 1182 1946 diversas
1204 1915 1349 1944 inierunt
1372 1914 1528 1944 rationes.
1574 1912 1639 1944 Sed
1662 1912 1775 1947 nullus

115 1975 277 2010 interpres
311 1972 502 2010 respexisse
536 1971 667 2001 videtur
691 1972 996 2012 interpretationem
1018 1972 1149 2002 Erasmi
1168 1971 1230 2011 ⁹),
1264 1982 1358 2011 quam
1380 1978 1550 2010 propterea
1572 1971 1774 2008 adscribam:

150 2054 178 2087 *J
215 2053 244 2079 lu
271 2052 382 2078 Erasini
408 2051 521 2085 Atlagiis
545 2052 649 2082 (minus
671 2051 760 2077 adhuc
781 2052 811 2076 in
834 2060 911 2077 usum
932 2054 1051 2084 vocatis)
1078 2052 1150 2086 Chii.
1169 2052 1216 2079 lv.
1241 2052 1352 2077 Centur.
1370 2052 1419 2079 lv.
1444 2052 1571 2086 proverb.
1589 2051 1652 2077 XV.
1671 2059 1697 2086 p.
1716 2053 1775 2081 912.

218 2087 362 2115 editionis,
387 2093 457 2118 qua<¹
480 2086 609 2112 Basilcae
628 2094 653 2112 a.
676 2087 750 2113 1559.
771 2086 843 2119 apud
861 2086 1027 2112 Frobe-nium
1047 2087 1160 2120 prodiit.
1196 2085 1293 2111 Priore
1312 2086 1434 2112 editione
1449 2094 1512 2111 usus
1526 2089 1567 2111 est
1580 2086 1604 2111 ,1.
1618 2085 1650 2112 Α.
1666 2087 1774 2117 Jacobs,

218 2120 388 2180 pggfiffflturp.
396 2119 544 2178 :lfffiillbrls
565 2123 660 2146 autem
678 2120 782 2146 multos
804 2120 882 2145 locos
901 2121 1007 2153 omisit,
1027 2128 1061 2147 ex
1080 2127 1197 2154 quorum
1214 2120 1337 2146 lectione
1355 2120 1505 2155 interpreti
1522 2119 1656 2146 utilitatis
1670 2120 1776 2157 aliquid
