1872 2345
813 77 1066 115 ...16—

104 168 213 200 locum
236 170 385 198 accurate
407 166 651 206 perspexerint.
696 166 822 198 Oculos
846 168 879 198 in
905 173 1025 198 terram
1048 165 1220 200 demittere
1242 166 1327 201 nihil
1350 167 1443 202 aliud
1464 174 1516 203 est
1537 170 1606 204 nisi
1627 171 1760 214 signum

106 225 249 256 hominis
271 223 497 265 cogitabundi.
519 223 562 253 cf.
583 223 682 253 Hom.
705 222 801 254 Iliad.
824 223 885 262 111,
907 225 980 256 216.

349 301 458 337 ἀλλ’ὅτε
478 302 512 345 δὴ
533 304 687 345 πολύμητις
707 304 840 343 ἀναΐξειεν
853 304 862 315 ‘
868 302 1016 342 Οδνσσεῦς,

348 361 477 398 στάσκεν,
499 359 569 392 ὑπαὶ
591 360 619 392 δὲ
641 360 734 398 ἰὶἳεσκε,
756 359 849 393 κατὰ
868 361 1009 404 χθονὸς
1029 360 1179 405 ὄμματα
1199 362 1327 404 πήξας,

105 439 179 472 Huc
201 437 284 470 adde
303 435 535 481 virgilianum
558 433 659 466 illud:

353 511 427 542 Vix
452 521 489 541 ea
512 510 599 540 satus
623 515 712 548 erat,
746 509 917 552 defixique
941 521 999 542 ora
1021 510 1175 542 tenebant

353 567 485 599 Aeneas
506 566 744 597 Auschisiades
767 573 799 597 et
823 567 908 598 fidus
929 567 1087 606 Achates,

353 622 526 662 Multaque
551 623 633 654 dura
656 633 716 653 suo
740 624 832 654 tristi
854 634 927 655 cum
949 625 1047 656 corde
1070 622 1241 666 putabant.

189 698 284 730 Duos
317 696 403 727 alios
434 696 525 728 locos
551 696 622 737 jam
652 698 765 728 attulit
795 697 819 729 Ι.
842 698 1012 730 Meursius
1037 699 1071 728 in
1093 697 1280 739 Specilegio
1305 697 1345 728 ad
1369 697 1510 730 Theocr.
1534 699 1653 741 idyllia
1669 699 1709 731 L.
1730 699 1770 732 B.

106 756 197 788 1597.
222 765 254 796 p.
280 756 330 787 14,
362 752 399 784 In
421 759 533 784 nostro
554 753 628 786 loco
652 755 752 786 simul
776 758 930 796 apparet,
962 754 1159 795 Delphidem
1183 755 1402 795 cogitantem,
1426 755 1545 797 quibus
1568 757 1680 788 verbis
1709 768 1769 799 pu·

106 812 206 844 ellam
229 813 273 842 sit
303 809 508 849 allocutum,
536 809 663 852 fingere
692 813 835 853 speciem
856 813 992 850 pudoris
1017 813 1071 852 (de
1095 822 1173 842 vero
1194 811 1317 850 pudore
1340 811 1433 850 VIII,
1454 814 1504 844 75.
1527 813 1606 844 κάτω
1626 802 1770 854 βλέψας).

105 869 236 901 Deinde
261 867 460 907 Delphidem
482 866 627 906 puellam
646 868 828 899 audacibus
853 868 960 899 oculis
983 869 1108 910 (ἀνείη)
1131 869 1286 899 intuitum
1312 878 1387 899 esse
1409 879 1473 899 non
1495 868 1577 900 latet
1597 870 1632 900 in
1655 858 1770 901 verbis

103 932 225 965 poetae;
257 925 314 955 sed
340 926 368 955 is
393 936 484 955 error
506 926 540 955 in
564 934 603 955 eo
626 926 688 955 niti
710 925 852 963 videtur,
876 926 961 963 quod
982 925 1150 957 Greverus
1171 935 1236 955 non
1258 925 1398 956 attendit
1419 925 1588 967 prolepsin
1612 927 1773 967 adjectivi

107 981 254 1024 ὦστοργος,
278 991 373 1023 quem
393 991 488 1012 usum
512 981 750 1021 adjectivorum
771 983 821 1021 (ut
839 983 1084 1020 praetermittam
1107 981 1360 1012 subtilissimam
1384 982 1641 1022 disputationem
1661 981 1771 1014 Bern-

106 1039 222 1079 hardy.
251 1038 506 1078 JVissensclmfll.
530 1038 667 1079 Synlax.
686 1050 718 1078 p.
740 1040 827 1080 428.)
848 1049 954 1080 nuper
976 1039 1157 1081 diligenter
1174 1037 1429 1069 illustraverunt
1442 1037 1547 1069 Koch.
1571 1040 1606 1070 in
1628 1040 1772 1072 Luciani

106 1095 205 1127 Char.
238 1096 382 1127 Excurs.
408 1095 433 1125 1.
456 1106 488 1135 p.
516 1097 663 1127 52—58.
687 1095 813 1133 Jacob„
836 1097 889 1126 vir
918 1096 1083 1137 elegantis
1114 1096 1260 1136 ingenii,
1291 1096 1324 1125 in
1349 1093 1475 1131 Quaest.
1497 1095 1590 1136 Epic.
1613 1097 1718 1135 partis
1743 1096 1775 1128 ΙΙ

107 1164 178 1195 cap.
202 1151 264 1183 IV.
287 1150 377 1183 Illud
401 1152 560 1191 denique,
594 1152 679 1191 quod
700 1152 814 1184 oculos
838 1152 911 1184 solo
934 1152 1038 1195 figere
1060 1158 1155 1191 atque
1175 1150 1320 1191 puellam
1342 1152 1463 1182 intueri
1484 1152 1599 1183 eodem
1630 1158 1775 1193 tempore

106 1212 229 1243 factum
250 1220 324 1240 esse
349 1210 428 1240 dicit
452 1208 632 1249 Greverus,
658 1211 822 1241 refutatur
845 1212 969 1241 aoristo
990 1209 1114 1250 μ’ἐςιδών
1133 1210 1155 1240 ἱ.
1180 1220 1208 1240 e.
1234 1208 1369 1240 simul
1399 1219 1444 1239 ac
1467 1219 1527 1240 me
1555 1209 1773 1248 adspexit.

106 1267 257 1300 Alterum
271 1266 486 1305 sivoluisset‚
497 1266 583 1307 quod
594 1264 762 1298 Greverus
783 1267 911 1298 demum
928 1268 1051 1308 ingerit
1070 1273 1166 1306 atque
1185 1264 1343 1304 obtrudit,
1355 1266 1545 1304 scripsisset
1554 1272 1653 1307 poeta
1663 1267 1774 1308 ἐςορῶν.

189 1348 235 1379 V.
261 1349 331 1380 126.
373 1344 452 1379 εὗδον
473 1347 497 1379 δ’
510 1344 547 1377 αἶ’
562 1359 592 1378 κε
612 1346 698 1386 μόνον
718 1346 752 1380 τὸ
773 1347 861 1379 καλὸν
882 1348 975 1389 στόμα
996 1351 1060 1383 veis·
1080 1347 1212 1388 ἑφίλασα·

189 1422 399 1454 Hermannus
429 1431 488 1462 pro
519 1418 598 1453 εὗδον
628 1421 708 1453 olim
735 1428 950 1465 proposuerat
977 1422 1198 1462 conjecturam
1224 1416 1255 1451 εὖ
1275 1419 1300 1451 δ’
1314 1416 1354 1460 ἧς,
1375 1422 1488 1459 postea
1510 1419 1656 1461 Dahlio,
1681 1421 1774 1453 Grae-

107 1480 165 1519 sso,
188 1479 411 1520 KiesslingiO,
433 1479 510 1509 aliis
534 1477 716 1520 probatam,
739 1491 824 1511 nunc
846 1482 916 1519 ipse
938 1481 972 1510 in
994 1479 1110 1519 Eurip.
1130 1476 1258 1508 Hecub.
1281 1488 1313 1508 v.
1334 1479 1406 1510 650.
1427 1477 1598 1519 vulgatam
1617 1480 1773 1511 intactam

108 1537 557 1579 relinquensinterpretatur:
583 1537 806 1576 „desinerem,
819 1537 917 1568 finem
930 1527 1108 1566 facerem.“
1131 1535 1232 1566 Porro
1243 1533 1551 1575 Kiessl.explieat:
1573 1542 1773 1574 „contentus

107 1595 260 1626 fuissem.
272 1595 294 1611 “
326 1591 627 1623 Wuestemannus:
659 1600 856 1632 „contentus
879 1594 1036 1631 fuissem,
1057 1592 1142 1623 nihil
1164 1592 1303 1631 amplius
1328 1592 1580 1621 tentavissem.“
1609 1591 1688 1622 Alia
1711 1603 1771 1623 ex-

106 1651 256 1691 plicatio,
280 1657 351 1690 quae
374 1647 455 1678 mihi
479 1650 631 1687 innotuit,
654 1657 706 1681 est
728 1651 903 1690 XVnnderi,
927 1651 982 1689 qui
1006 1651 1040 1680 in
1064 1649 1162 1689 Soph.
1184 1649 1265 1681 Oed.
1283 1648 1362 1689 Tyr.
1383 1659 1415 1679 v.
1434 1649 1486 1680 65.
1506 1647 1590 1679 hunc
1601 1647 1772 1681 Theocriti

106 1709 216 1739 locum
243 1706 371 1737 reddit:
407 1705 516 1743 „nihil
541 1706 693 1738 fecissem
717 1708 765 1738 z'clt
788 1708 895 1739 vcilrde
924 1706 1002 1737 mich
1030 1705 1121 1746 nelca‘g
1149 1706 1312 1738 verhallen
1332 1704 1465 1735 haben.“
1508 1704 1553 1735 At
1579 1703 1629 1734 hae
1657 1714 1769 1736 omnes

108 1764 397 1805 interpretationes
429 1761 623 1803 abstergunt
643 1766 806 1801 poeticum
828 1764 982 1795 colorem.
1025 1763 1126 1794 Poeta
1147 1764 1248 1795 dicit:
1280 1762 1527 1793 dormiviss
1541 1770 1600 1791 em
1630 1761 1652 1793 i.
1675 1772 1704 1791 e.
1725 1762 1771 1802 (si

108 1831 241 1853 sensum
270 1819 469 1859 spectamus)
495 1818 687 1850 cubitum
722 1822 901 1851 ivissem
932 1828 1004 1852 tuo
1036 1820 1188 1851 osculo
1223 1821 1463 1850 contentus
1494 1823 1625 1859 atque
1657 1824 1769 1849 tran-

108 1877 259 1919 quillo
287 1876 516 1917 hilarique
540 1877 682 1907 animo
707 1888 896 1909 somnum
918 1879 1147 1920 cepissem.
1173 1876 1266 1908 Solet
1288 1876 1374 1906 enim
1395 1874 1476 1913 apud
1490 1872 1634 1913 Graecos,
1654 1879 1769 1913 poetas

106 1936 304 1979 praesertim,
326 1932 458 1964 mobilis
483 1936 579 1972 atque
599 1934 755 1976 frequens
781 1946 855 1966 csse
879 1937 1038 1966 transitus
1064 1934 1105 1965 ab
1129 1944 1180 1972 eo,
1204 1933 1290 1975 quod
1314 1931 1415 1973 vulgo
1437 1938 1573 1962 vocatur
1594 1933 1767 1961 antece-

107 1994 234 2030 dens,
265 1991 306 2021 ad
328 1990 426 2029 illud,
458 1992 544 2032 quod
566 1998 617 2022 est
640 2002 799 2033 conseq
813 2003 900 2030 ens,
923 1994 970 2023 ita
992 1999 1027 2023 ut
1051 1992 1119 2022 haec
1142 1991 1206 2021 duo
1230 1990 1362 2020 diversa
1383 1989 1513 2020 dicendi
1536 1996 1658 2028 genera
1680 1983 1767 2018 haud

107 2060 182 2082 raro
207 2051 241 2080 in
265 2057 331 2078 uno
353 2046 513 2078 vocabulo
534 2048 777 2080 confundantur
807 2055 839 2079 et
871 2051 964 2088 quasi
997 2050 1029 2080 in
1053 2058 1149 2079 unam
1172 2047 1337 2077 notionem
1365 2045 1563 2077 coalescant.
1604 2041 1640 2072 Id
1657 2045 1767 2075 autem'

109 2109 225 2140 cadere
246 2110 324 2145 puto
351 2106 449 2135 etiam
471 2107 503 2136 in
527 2104 723 2136 vocabulum
746 2103 831 2137 εὗδον.
873 2105 956 2137 Nam
983 2106 1039 2136 vix
1063 2106 1213 2143 cuiquam
1235 2104 1412 2135 offensioni
1436 2102 1520 2138 erit,
1545 2099 1575 2129 si
1595 2099 1668 2140 quis
1689 2109 1767 2130 sen-'

110 2166 246 2196 tentiam
269 2163 455 2206 germanice
484 2164 532 2194 sic
562 2163 796 2194 conformatam
818 2168 1031 2202 proponeret:
1053 2160 1109 2193 Da
1129 2160 1216 2194 hiim
1237 2160 1286 2192 ich
1306 2165 1382 2202 gule
1401 2156 1511 2190 Naclet
1528 2160 1655 2196 gemgt,
1676 2154 1765 2187 bime
