<?xml version="1.0" encoding="UTF-8"?>
<!DOCTYPE html PUBLIC "-//W3C//DTD XHTML 1.0 Transitional//EN"
    "http://www.w3.org/TR/xhtml1/DTD/xhtml1-transitional.dtd">
<html xmlns="http://www.w3.org/1999/xhtml" xml:lang="en" lang="en">
 <head>
  <title>
</title>
<meta http-equiv="Content-Type" content="text/html;charset=utf-8" />
  <meta name='ocr-system' content='tesseract 3.04.00' />
  <meta name='ocr-capabilities' content='ocr_page ocr_carea ocr_par ocr_line ocrx_word'/>
</head>
<body>
  <div class='ocr_page' id='page_1' title='image "4624634_0025.png"; bbox 0 0 1872 2345; ppageno 0'>
   <div class='ocr_carea' id='block_1_1' title="bbox 826 62 1076 102">
    <p class='ocr_par' dir='ltr' id='par_1_1' title="bbox 826 62 1076 102">
     <span class='ocr_line' id='line_1_1' title="bbox 826 62 1076 102; baseline 0 -11"><span class='ocrx_word' id='word_1_1' title='bbox 826 62 1076 102; x_wconf 82' lang='lat'>-17-</span> 
     </span>
    </p>
   </div>
   <div class='ocr_carea' id='block_1_2' title="bbox 124 151 1780 306">
    <p class='ocr_par' dir='ltr' id='par_1_2' title="bbox 124 151 1780 306">
     <span class='ocr_line' id='line_1_2' title="bbox 124 151 1778 195; baseline -0.001 -9"><span class='ocrx_word' id='word_1_2' title='bbox 124 153 206 187; x_wconf 61' lang='lat' dir='ltr'><strong>mid</strong></span> <span class='ocrx_word' id='word_1_3' title='bbox 235 156 395 195; x_wconf 67' lang='lat' dir='ltr'><strong>vergnngt</strong></span> <span class='ocrx_word' id='word_1_4' title='bbox 420 152 496 185; x_wconf 67' lang='lat' dir='ltr'><strong>iiber</strong></span> <span class='ocrx_word' id='word_1_5' title='bbox 522 153 635 185; x_wconf 72' lang='lat' dir='ltr'><strong>deinen</strong></span> <span class='ocrx_word' id='word_1_6' title='bbox 657 152 748 185; x_wconf 67' lang='lat' dir='ltr'><strong>Kvm</strong></span> <span class='ocrx_word' id='word_1_7' title='bbox 772 162 828 184; x_wconf 77' lang='lat' dir='ltr'><strong>zur</strong></span> <span class='ocrx_word' id='word_1_8' title='bbox 850 152 937 184; x_wconf 75' lang='lat' dir='ltr'><strong>Ruhe</strong></span> <span class='ocrx_word' id='word_1_9' title='bbox 959 151 1106 194; x_wconf 69' lang='lat' dir='ltr'><strong>hegeben,</strong></span> <span class='ocrx_word' id='word_1_10' title='bbox 1133 152 1198 184; x_wconf 79' lang='lat' dir='ltr'><strong>und</strong></span> <span class='ocrx_word' id='word_1_11' title='bbox 1217 154 1303 183; x_wconf 71' lang='lat' dir='ltr'><strong>wilre</strong></span> <span class='ocrx_word' id='word_1_12' title='bbox 1328 152 1415 184; x_wconf 71' lang='lat' dir='ltr'><strong>darm</strong></span> <span class='ocrx_word' id='word_1_13' title='bbox 1437 152 1509 184; x_wconf 74' lang='lat' dir='ltr'><strong>still</strong></span> <span class='ocrx_word' id='word_1_14' title='bbox 1531 151 1778 193; x_wconf 71' lang='lat' dir='ltr'><strong>eingescklasen.</strong></span> 
     </span>
     <span class='ocr_line' id='line_1_3' title="bbox 124 208 1780 252; baseline -0.001 -10"><span class='ocrx_word' id='word_1_15' title='bbox 124 210 217 242; x_wconf 87' lang='lat' dir='ltr'>Idem</span> <span class='ocrx_word' id='word_1_16' title='bbox 239 210 411 241; x_wconf 80' lang='lat' dir='ltr'><strong>obscurius</strong></span> <span class='ocrx_word' id='word_1_17' title='bbox 434 213 582 242; x_wconf 78' lang='lat' dir='ltr'>sensisse</span> <span class='ocrx_word' id='word_1_18' title='bbox 602 210 735 240; x_wconf 86' lang='lat' dir='ltr'><strong>videtur</strong></span> <span class='ocrx_word' id='word_1_19' title='bbox 753 208 991 246; x_wconf 84' lang='lat' dir='ltr'><strong>Boissonadus,</strong></span> <span class='ocrx_word' id='word_1_20' title='bbox 1013 219 1203 247; x_wconf 86' lang='lat' dir='ltr'><strong>quamquam</strong></span> <span class='ocrx_word' id='word_1_21' title='bbox 1220 208 1320 239; x_wconf 82' lang='lat' dir='ltr'><strong>verba</strong></span> <span class='ocrx_word' id='word_1_22' title='bbox 1340 219 1413 251; x_wconf 80' lang='lat' dir='ltr'><strong>quae</strong></span> <span class='ocrx_word' id='word_1_23' title='bbox 1429 208 1514 248; x_wconf 82' lang='lat' dir='ltr'><strong>apud</strong></span> <span class='ocrx_word' id='word_1_24' title='bbox 1531 208 1629 239; x_wconf 86' lang='lat' dir='ltr'><strong>illum</strong></span> <span class='ocrx_word' id='word_1_25' title='bbox 1639 220 1780 252; x_wconf 81' lang='lat' dir='ltr'><strong>sequun-</strong></span> 
     </span>
     <span class='ocr_line' id='line_1_4' title="bbox 127 264 1277 306; baseline -0.003 -9"><span class='ocrx_word' id='word_1_26' title='bbox 127 273 203 304; x_wconf 76' lang='lat' dir='ltr'><strong>tur:</strong></span> <span class='ocrx_word' id='word_1_27' title='bbox 226 267 330 306; x_wconf 87' lang='lat' dir='ltr'><strong>„Erat</strong></span> <span class='ocrx_word' id='word_1_28' title='bbox 350 268 435 298; x_wconf 87' lang='lat' dir='ltr'><strong>enim</strong></span> <span class='ocrx_word' id='word_1_29' title='bbox 458 277 527 297; x_wconf 85' lang='lat' dir='ltr'><strong>nox</strong></span> <span class='ocrx_word' id='word_1_30' title='bbox 549 267 767 304; x_wconf 86' lang='lat' dir='ltr'><strong>intempesta“</strong></span> <span class='ocrx_word' id='word_1_31' title='bbox 791 276 811 295; x_wconf 90' lang='lat' dir='ltr'><strong>a</strong></span> <span class='ocrx_word' id='word_1_32' title='bbox 831 271 939 296; x_wconf 87' lang='lat' dir='ltr'><strong>mente</strong></span> <span class='ocrx_word' id='word_1_33' title='bbox 960 270 1067 306; x_wconf 83' lang='lat' dir='ltr'><strong>poetae</strong></span> <span class='ocrx_word' id='word_1_34' title='bbox 1090 264 1277 296; x_wconf 85' lang='lat' dir='ltr'><strong>abhorrent.</strong></span> 
     </span>
    </p>
   </div>
   <div class='ocr_carea' id='block_1_3' title="bbox 108 345 1778 1495">
    <p class='ocr_par' dir='ltr' id='par_1_3' title="bbox 209 345 1082 397">
     <span class='ocr_line' id='line_1_5' title="bbox 209 345 1082 397; baseline -0.002 -9"><span class='ocrx_word' id='word_1_35' title='bbox 209 356 253 388; x_wconf 82' lang='lat' dir='ltr'><strong>V.</strong></span> <span class='ocrx_word' id='word_1_36' title='bbox 278 358 348 389; x_wconf 80' lang='lat'><strong>145.</strong></span> <span class='ocrx_word' id='word_1_37' title='bbox 391 377 401 387; x_wconf 84' lang='lat'><strong>.</strong></span> <span class='ocrx_word' id='word_1_38' title='bbox 445 377 456 386; x_wconf 86' lang='lat'><em>-</em></span> <span class='ocrx_word' id='word_1_39' title='bbox 499 345 519 387; x_wconf 47' lang='lat' dir='ltr'><em>s</em></span> <span class='ocrx_word' id='word_1_40' title='bbox 553 376 563 387; x_wconf 83' lang='lat'><strong>.</strong></span> <span class='ocrx_word' id='word_1_41' title='bbox 606 356 665 387; x_wconf 77' lang='grc' dir='ltr'><strong><em>ἀλλ’</em></strong></span> <span class='ocrx_word' id='word_1_42' title='bbox 689 353 764 396; x_wconf 54' lang='lat' dir='ltr'><strong>&amp;vol</strong></span> <span class='ocrx_word' id='word_1_43' title='bbox 779 369 827 397; x_wconf 86' lang='grc' dir='ltr'><strong>μοι</strong></span> <span class='ocrx_word' id='word_1_44' title='bbox 848 354 869 387; x_wconf 79' lang='grc' dir='ltr'><em>ἆ</em></span> <span class='ocrx_word' id='word_1_45' title='bbox 888 368 919 387; x_wconf 81' lang='grc' dir='ltr'><strong>τε</strong></span> <span class='ocrx_word' id='word_1_46' title='bbox 944 355 1082 391; x_wconf 58' lang='grc' dir='ltr'><strong><em>Φιλώτας</em></strong></span> 
     </span>
    </p>

    <p class='ocr_par' dir='ltr' id='par_1_4' title="bbox 364 411 1073 454">
     <span class='ocr_line' id='line_1_6' title="bbox 364 411 1073 454; baseline 0.001 -11"><span class='ocrx_word' id='word_1_47' title='bbox 364 412 457 454; x_wconf 79' lang='grc' dir='ltr'><em>μάτηρ</em></span> <span class='ocrx_word' id='word_1_48' title='bbox 478 416 532 448; x_wconf 81' lang='grc' dir='ltr'><strong>τᾶς</strong></span> <span class='ocrx_word' id='word_1_49' title='bbox 553 413 631 454; x_wconf 79' lang='grc' dir='ltr'>ἁμοῖς</span> <span class='ocrx_word' id='word_1_50' title='bbox 651 414 816 454; x_wconf 75' lang='grc' dir='ltr'><strong><em>αὐλητρίδος</em></strong></span> <span class='ocrx_word' id='word_1_51' title='bbox 836 411 856 444; x_wconf 82' lang='grc' dir='ltr'>ἆ</span> <span class='ocrx_word' id='word_1_52' title='bbox 876 424 907 444; x_wconf 78' lang='grc' dir='ltr'><strong>τε</strong></span> <span class='ocrx_word' id='word_1_53' title='bbox 927 414 1073 450; x_wconf 62' lang='grc' dir='ltr'><strong>Μελιξοῦς.</strong></span> 
     </span>
    </p>

    <p class='ocr_par' dir='ltr' id='par_1_5' title="bbox 108 484 1778 1495">
     <span class='ocr_line' id='line_1_7' title="bbox 207 484 1776 526; baseline 0.001 -8"><span class='ocrx_word' id='word_1_54' title='bbox 207 486 359 518; x_wconf 84' lang='lat' dir='ltr'><strong>Summus</strong></span> <span class='ocrx_word' id='word_1_55' title='bbox 382 485 571 518; x_wconf 86' lang='lat' dir='ltr'><strong>Lobeckius</strong></span> <span class='ocrx_word' id='word_1_56' title='bbox 599 487 758 526; x_wconf 77' lang='lat' dir='ltr'><strong>paralipp.</strong></span> <span class='ocrx_word' id='word_1_57' title='bbox 778 497 809 526; x_wconf 85' lang='lat' dir='ltr'><strong>p.</strong></span> <span class='ocrx_word' id='word_1_58' title='bbox 829 488 901 519; x_wconf 74' lang='lat'><strong>2²8.</strong></span> <span class='ocrx_word' id='word_1_59' title='bbox 931 486 1008 518; x_wconf 86' lang='lat' dir='ltr'><strong>Not.</strong></span> <span class='ocrx_word' id='word_1_60' title='bbox 1040 489 1072 519; x_wconf 80' lang='lat'><strong>9.</strong></span> <span class='ocrx_word' id='word_1_61' title='bbox 1096 487 1145 517; x_wconf 88' lang='lat' dir='ltr'><strong>sic</strong></span> <span class='ocrx_word' id='word_1_62' title='bbox 1165 485 1301 518; x_wconf 88' lang='lat' dir='ltr'>scribit:</span> <span class='ocrx_word' id='word_1_63' title='bbox 1333 484 1394 525; x_wconf 89' lang='lat' dir='ltr'><strong>„In</strong></span> <span class='ocrx_word' id='word_1_64' title='bbox 1416 485 1464 518; x_wconf 88' lang='lat' dir='ltr'><strong>Id.</strong></span> <span class='ocrx_word' id='word_1_65' title='bbox 1485 484 1527 525; x_wconf 87' lang='lat' dir='ltr'><strong>H,</strong></span> <span class='ocrx_word' id='word_1_66' title='bbox 1552 488 1621 519; x_wconf 76' lang='lat'><strong>145.</strong></span> <span class='ocrx_word' id='word_1_67' title='bbox 1644 486 1664 519; x_wconf 79' lang='grc' dir='ltr'>ἅ</span> <span class='ocrx_word' id='word_1_68' title='bbox 1684 500 1714 520; x_wconf 80' lang='grc' dir='ltr'><strong>τε</strong></span> <span class='ocrx_word' id='word_1_69' title='bbox 1738 491 1776 520; x_wconf 82' lang='grc' dir='ltr'><strong>ψ.</strong></span> 
     </span>
     <span class='ocr_line' id='line_1_8' title="bbox 120 543 1778 586; baseline 0.001 -13"><span class='ocrx_word' id='word_1_70' title='bbox 120 544 214 585; x_wconf 69' lang='grc' dir='ltr'><em>μάτηρ</em></span> <span class='ocrx_word' id='word_1_71' title='bbox 234 548 288 580; x_wconf 73' lang='grc' dir='ltr'><strong>τᾶς</strong></span> <span class='ocrx_word' id='word_1_72' title='bbox 307 558 337 586; x_wconf 69' lang='lat' dir='ltr'><strong>ys</strong></span> <span class='ocrx_word' id='word_1_73' title='bbox 356 545 426 584; x_wconf 79' lang='grc' dir='ltr'><strong><em>ἐμᾶς</em></strong></span> <span class='ocrx_word' id='word_1_74' title='bbox 448 545 618 585; x_wconf 72' lang='grc' dir='ltr'><em>αὐλητρίδος,</em></span> <span class='ocrx_word' id='word_1_75' title='bbox 647 547 795 585; x_wconf 87' lang='lat' dir='ltr'><strong>ineptum</strong></span> <span class='ocrx_word' id='word_1_76' title='bbox 825 548 876 574; x_wconf 89' lang='lat' dir='ltr'><strong>est</strong></span> <span class='ocrx_word' id='word_1_77' title='bbox 905 547 960 579; x_wconf 80' lang='grc' dir='ltr'><strong>τᾶς</strong></span> <span class='ocrx_word' id='word_1_78' title='bbox 979 556 1009 585; x_wconf 78' lang='grc' dir='ltr'><strong>γε</strong></span> <span class='ocrx_word' id='word_1_79' title='bbox 1029 544 1106 583; x_wconf 76' lang='grc' dir='ltr'><strong><em>ἐμᾶς·</em></strong></span> <span class='ocrx_word' id='word_1_80' title='bbox 1129 545 1202 582; x_wconf 88' lang='lat' dir='ltr'><strong>quis</strong></span> <span class='ocrx_word' id='word_1_81' title='bbox 1234 544 1322 573; x_wconf 87' lang='lat' dir='ltr'><strong>enim</strong></span> <span class='ocrx_word' id='word_1_82' title='bbox 1352 543 1464 573; x_wconf 83' lang='lat' dir='ltr'><strong>credat</strong></span> <span class='ocrx_word' id='word_1_83' title='bbox 1485 543 1684 582; x_wconf 85' lang='lat' dir='ltr'><strong>Simaetham,</strong></span> <span class='ocrx_word' id='word_1_84' title='bbox 1707 556 1778 583; x_wconf 77' lang='lat' dir='ltr'><strong>quae</strong></span> 
     </span>
     <span class='ocr_line' id='line_1_9' title="bbox 119 599 1777 641; baseline 0 -9"><span class='ocrx_word' id='word_1_85' title='bbox 119 611 265 641; x_wconf 84' lang='lat' dir='ltr'><strong>pompam</strong></span> <span class='ocrx_word' id='word_1_86' title='bbox 287 606 472 641; x_wconf 79' lang='lat' dir='ltr'>spectatura</span> <span class='ocrx_word' id='word_1_87' title='bbox 494 608 620 632; x_wconf 86' lang='lat' dir='ltr'><strong>vestem</strong></span> <span class='ocrx_word' id='word_1_88' title='bbox 640 604 784 631; x_wconf 87' lang='lat' dir='ltr'><strong>mutuam</strong></span> <span class='ocrx_word' id='word_1_89' title='bbox 802 601 931 639; x_wconf 85' lang='lat' dir='ltr'>sumsit,</span> <span class='ocrx_word' id='word_1_90' title='bbox 955 600 1091 631; x_wconf 78' lang='lat' dir='ltr'><strong>tibicina</strong></span> <span class='ocrx_word' id='word_1_91' title='bbox 1108 610 1201 631; x_wconf 86' lang='lat' dir='ltr'><strong>usam</strong></span> <span class='ocrx_word' id='word_1_92' title='bbox 1220 610 1294 630; x_wconf 87' lang='lat' dir='ltr'><strong>esse</strong></span> <span class='ocrx_word' id='word_1_93' title='bbox 1306 599 1428 630; x_wconf 59' lang='lat' dir='ltr'><strong>serva?</strong></span> <span class='ocrx_word' id='word_1_94' title='bbox 1447 599 1566 630; x_wconf 79' lang='lat' dir='ltr'><strong>Paullo</strong></span> <span class='ocrx_word' id='word_1_95' title='bbox 1577 607 1651 639; x_wconf 88' lang='lat' dir='ltr'><strong>post</strong></span> <span class='ocrx_word' id='word_1_96' title='bbox 1662 611 1692 630; x_wconf 93' lang='lat' dir='ltr'><strong>v.</strong></span> <span class='ocrx_word' id='word_1_97' title='bbox 1708 603 1777 633; x_wconf 80' lang='lat'><strong>154.</strong></span> 
     </span>
     <span class='ocr_line' id='line_1_10' title="bbox 122 644 1778 699; baseline 0 -10"><span class='ocrx_word' id='word_1_98' title='bbox 122 644 234 689; x_wconf 71' lang='lat' dir='ltr'><strong>eadem</strong></span> <span class='ocrx_word' id='word_1_99' title='bbox 254 658 274 689; x_wconf 83' lang='grc' dir='ltr'><strong><em>ἁ</em></strong></span> <span class='ocrx_word' id='word_1_100' title='bbox 294 657 369 695; x_wconf 71' lang='grc' dir='ltr'><strong><em>ξείνα</em></strong></span> <span class='ocrx_word' id='word_1_101' title='bbox 390 663 541 693; x_wconf 62' lang='lat' dir='ltr'><strong>vocatum</strong></span> <span class='ocrx_word' id='word_1_102' title='bbox 566 669 645 699; x_wconf 89' lang='lat' dir='ltr'><strong>ergo</strong></span> <span class='ocrx_word' id='word_1_103' title='bbox 665 658 831 699; x_wconf 84' lang='lat' dir='ltr'><strong>corrigere</strong></span> <span class='ocrx_word' id='word_1_104' title='bbox 853 656 937 688; x_wconf 91' lang='lat' dir='ltr'><strong>libet</strong></span> <span class='ocrx_word' id='word_1_105' title='bbox 953 661 1008 694; x_wconf 78' lang='grc' dir='ltr'><strong>τᾶς</strong></span> <span class='ocrx_word' id='word_1_106' title='bbox 1017 658 1165 699; x_wconf 69' lang='grc' dir='ltr'><strong>Σαμίοις.α</strong></span> <span class='ocrx_word' id='word_1_107' title='bbox 1188 656 1322 688; x_wconf 78' lang='lat' dir='ltr'><strong>Afferre</strong></span> <span class='ocrx_word' id='word_1_108' title='bbox 1340 656 1452 696; x_wconf 87' lang='lat' dir='ltr'><strong>liceat,</strong></span> <span class='ocrx_word' id='word_1_109' title='bbox 1475 668 1545 696; x_wconf 87' lang='lat' dir='ltr'><strong>quae</strong></span> <span class='ocrx_word' id='word_1_110' title='bbox 1557 657 1639 688; x_wconf 83' lang='lat' dir='ltr'><strong>mihi</strong></span> <span class='ocrx_word' id='word_1_111' title='bbox 1651 657 1778 699; x_wconf 84' lang='lat' dir='ltr'><strong>legenti</strong></span> 
     </span>
     <span class='ocr_line' id='line_1_11' title="bbox 118 713 1777 755; baseline 0 -9"><span class='ocrx_word' id='word_1_112' title='bbox 118 714 204 746; x_wconf 80' lang='lat' dir='ltr'><strong>hane</strong></span> <span class='ocrx_word' id='word_1_113' title='bbox 234 714 494 746; x_wconf 80' lang='lat' dir='ltr'><strong>observationem</strong></span> <span class='ocrx_word' id='word_1_114' title='bbox 523 713 669 745; x_wconf 85' lang='lat' dir='ltr'><strong>subnatae</strong></span> <span class='ocrx_word' id='word_1_115' title='bbox 693 715 760 745; x_wconf 89' lang='lat' dir='ltr'><strong>sint</strong></span> <span class='ocrx_word' id='word_1_116' title='bbox 782 713 1017 746; x_wconf 76' lang='lat' dir='ltr'><strong>dubitationes.</strong></span> <span class='ocrx_word' id='word_1_117' title='bbox 1061 715 1205 746; x_wconf 86' lang='lat' dir='ltr'><strong>Primum</strong></span> <span class='ocrx_word' id='word_1_118' title='bbox 1229 714 1361 755; x_wconf 90' lang='lat' dir='ltr'><strong>quidem</strong></span> <span class='ocrx_word' id='word_1_119' title='bbox 1381 725 1445 745; x_wconf 87' lang='lat' dir='ltr'><strong>non</strong></span> <span class='ocrx_word' id='word_1_120' title='bbox 1468 716 1601 745; x_wconf 86' lang='lat' dir='ltr'><strong>invenio</strong></span> <span class='ocrx_word' id='word_1_121' title='bbox 1624 715 1777 746; x_wconf 80' lang='lat' dir='ltr'><strong>idoneam</strong></span> 
     </span>
     <span class='ocr_line' id='line_1_12' title="bbox 118 770 1775 813; baseline 0 -10"><span class='ocrx_word' id='word_1_122' title='bbox 118 782 285 810; x_wconf 79' lang='lat' dir='ltr'><strong>caussam,</strong></span> <span class='ocrx_word' id='word_1_123' title='bbox 308 782 366 802; x_wconf 92' lang='lat' dir='ltr'><strong>cur</strong></span> <span class='ocrx_word' id='word_1_124' title='bbox 387 771 575 802; x_wconf 88' lang='lat' dir='ltr'><strong>Lobeckius</strong></span> <span class='ocrx_word' id='word_1_125' title='bbox 600 772 763 811; x_wconf 85' lang='lat' dir='ltr'><strong>spreverit</strong></span> <span class='ocrx_word' id='word_1_126' title='bbox 787 772 984 812; x_wconf 80' lang='lat' dir='ltr'><strong>scripturam</strong></span> <span class='ocrx_word' id='word_1_127' title='bbox 1002 774 1056 806; x_wconf 79' lang='grc' dir='ltr'><strong>τᾶς</strong></span> <span class='ocrx_word' id='word_1_128' title='bbox 1078 771 1157 812; x_wconf 77' lang='grc' dir='ltr'>ἁμοῖς</span> <span class='ocrx_word' id='word_1_129' title='bbox 1179 770 1274 801; x_wconf 84' lang='lat' dir='ltr'><strong>valde</strong></span> <span class='ocrx_word' id='word_1_130' title='bbox 1299 770 1519 811; x_wconf 87' lang='lat' dir='ltr'><strong>probabilem,</strong></span> <span class='ocrx_word' id='word_1_131' title='bbox 1541 781 1641 813; x_wconf 88' lang='lat' dir='ltr'><strong>quum</strong></span> <span class='ocrx_word' id='word_1_132' title='bbox 1664 773 1775 813; x_wconf 80' lang='lat' dir='ltr'><strong>turpis</strong></span> 
     </span>
     <span class='ocr_line' id='line_1_13' title="bbox 120 826 1774 870; baseline 0 -11"><span class='ocrx_word' id='word_1_133' title='bbox 120 828 257 860; x_wconf 84' lang='lat' dir='ltr'><strong>tollatur</strong></span> <span class='ocrx_word' id='word_1_134' title='bbox 279 826 441 858; x_wconf 80' lang='lat' dir='ltr'><strong>vocalium</strong></span> <span class='ocrx_word' id='word_1_135' title='bbox 465 827 649 857; x_wconf 89' lang='lat' dir='ltr'><strong>litterarum</strong></span> <span class='ocrx_word' id='word_1_136' title='bbox 670 829 841 858; x_wconf 88' lang='lat' dir='ltr'><strong>concursio</strong></span> <span class='ocrx_word' id='word_1_137' title='bbox 864 834 961 869; x_wconf 88' lang='lat' dir='ltr'><strong>atque</strong></span> <span class='ocrx_word' id='word_1_138' title='bbox 982 826 1142 865; x_wconf 83' lang='lat' dir='ltr'><strong>particula</strong></span> <span class='ocrx_word' id='word_1_139' title='bbox 1163 840 1192 868; x_wconf 78' lang='grc' dir='ltr'><strong>γε</strong></span> <span class='ocrx_word' id='word_1_140' title='bbox 1215 827 1401 867; x_wconf 82' lang='lat' dir='ltr'><strong>inducatur,</strong></span> <span class='ocrx_word' id='word_1_141' title='bbox 1425 837 1496 870; x_wconf 85' lang='lat' dir='ltr'><strong>quae</strong></span> <span class='ocrx_word' id='word_1_142' title='bbox 1519 829 1643 858; x_wconf 84' lang='lat' dir='ltr'><strong>omissa</strong></span> <span class='ocrx_word' id='word_1_143' title='bbox 1665 834 1717 859; x_wconf 89' lang='lat' dir='ltr'><strong>est</strong></span> <span class='ocrx_word' id='word_1_144' title='bbox 1739 829 1774 859; x_wconf 88' lang='lat' dir='ltr'><strong>in</strong></span> 
     </span>
     <span class='ocr_line' id='line_1_14' title="bbox 117 882 1773 925; baseline 0 -9"><span class='ocrx_word' id='word_1_145' title='bbox 117 885 289 925; x_wconf 88' lang='lat' dir='ltr'><strong>permultis</strong></span> <span class='ocrx_word' id='word_1_146' title='bbox 320 882 498 914; x_wconf 86' lang='lat' dir='ltr'><strong>codicibus.</strong></span> <span class='ocrx_word' id='word_1_147' title='bbox 542 882 671 914; x_wconf 90' lang='lat' dir='ltr'><strong>Deinde</strong></span> <span class='ocrx_word' id='word_1_148' title='bbox 692 894 868 922; x_wconf 86' lang='lat' dir='ltr'><strong>pronomen</strong></span> <span class='ocrx_word' id='word_1_149' title='bbox 899 885 1128 925; x_wconf 88' lang='lat' dir='ltr'><strong>possessivum</strong></span> <span class='ocrx_word' id='word_1_150' title='bbox 1157 884 1411 925; x_wconf 83' lang='lat' dir='ltr'><strong>intelligendum</strong></span> <span class='ocrx_word' id='word_1_151' title='bbox 1437 896 1512 916; x_wconf 85' lang='lat' dir='ltr'><strong>esse</strong></span> <span class='ocrx_word' id='word_1_152' title='bbox 1544 886 1702 916; x_wconf 84' lang='lat' dir='ltr'><strong>existimo</strong></span> <span class='ocrx_word' id='word_1_153' title='bbox 1734 896 1773 916; x_wconf 89' lang='lat' dir='ltr'><strong>eo</strong></span> 
     </span>
     <span class='ocr_line' id='line_1_15' title="bbox 116 939 1773 984; baseline 0.001 -11"><span class='ocrx_word' id='word_1_154' title='bbox 116 951 228 979; x_wconf 88' lang='lat' dir='ltr'><strong>sensu,</strong></span> <span class='ocrx_word' id='word_1_155' title='bbox 253 946 288 970; x_wconf 88' lang='lat' dir='ltr'><strong>ut</strong></span> <span class='ocrx_word' id='word_1_156' title='bbox 311 941 356 970; x_wconf 88' lang='lat' dir='ltr'><strong>sit</strong></span> <span class='ocrx_word' id='word_1_157' title='bbox 380 939 563 970; x_wconf 84' lang='lat' dir='ltr'><strong>tibicina</strong></span> <span class='ocrx_word' id='word_1_158' title='bbox 594 951 699 981; x_wconf 82' lang='lat' dir='ltr'><strong>quae</strong></span> <span class='ocrx_word' id='word_1_159' title='bbox 729 942 773 971; x_wconf 93' lang='lat' dir='ltr'><strong>in</strong></span> <span class='ocrx_word' id='word_1_160' title='bbox 795 941 941 971; x_wconf 90' lang='lat' dir='ltr'><strong>eodem</strong></span> <span class='ocrx_word' id='word_1_161' title='bbox 964 940 1062 971; x_wconf 89' lang='lat' dir='ltr'><strong>loco</strong></span> <span class='ocrx_word' id='word_1_162' title='bbox 1090 940 1315 971; x_wconf 89' lang='lat' dir='ltr'><strong>nobiscum</strong></span> <span class='ocrx_word' id='word_1_163' title='bbox 1339 940 1529 972; x_wconf 83' lang='lat' dir='ltr'><strong>habitat.</strong></span> <span class='ocrx_word' id='word_1_164' title='bbox 1571 941 1673 973; x_wconf 86' lang='lat' dir='ltr'><strong>Porro</strong></span> <span class='ocrx_word' id='word_1_165' title='bbox 1692 943 1773 984; x_wconf 72' lang='lat' dir='ltr'><strong>qvid</strong></span> 
     </span>
     <span class='ocr_line' id='line_1_16' title="bbox 115 995 1771 1038; baseline 0.001 -9"><span class='ocrx_word' id='word_1_166' title='bbox 115 997 156 1029; x_wconf 90' lang='lat' dir='ltr'><strong>de</strong></span> <span class='ocrx_word' id='word_1_167' title='bbox 186 1003 292 1035; x_wconf 80' lang='lat' dir='ltr'><strong>veste,</strong></span> <span class='ocrx_word' id='word_1_168' title='bbox 316 1006 411 1038; x_wconf 90' lang='lat' dir='ltr'><strong>quam</strong></span> <span class='ocrx_word' id='word_1_169' title='bbox 439 995 593 1027; x_wconf 83' lang='lat' dir='ltr'><strong>Simaetha</strong></span> <span class='ocrx_word' id='word_1_170' title='bbox 616 1003 761 1027; x_wconf 86' lang='lat' dir='ltr'><strong>mutuam</strong></span> <span class='ocrx_word' id='word_1_171' title='bbox 785 998 971 1036; x_wconf 85' lang='lat' dir='ltr'><strong>sumpserit,</strong></span> <span class='ocrx_word' id='word_1_172' title='bbox 996 999 1134 1028; x_wconf 88' lang='lat' dir='ltr'><strong>sentiam</strong></span> <span class='ocrx_word' id='word_1_173' title='bbox 1158 1008 1256 1035; x_wconf 84' lang='lat' dir='ltr'><strong>supra</strong></span> <span class='ocrx_word' id='word_1_174' title='bbox 1280 999 1435 1038; x_wconf 86' lang='lat' dir='ltr'><strong>exposui.</strong></span> <span class='ocrx_word' id='word_1_175' title='bbox 1479 998 1651 1030; x_wconf 86' lang='lat' dir='ltr'><strong>Postremo</strong></span> <span class='ocrx_word' id='word_1_176' title='bbox 1675 1011 1771 1032; x_wconf 86' lang='lat' dir='ltr'><strong>voca-</strong></span> 
     </span>
     <span class='ocr_line' id='line_1_17' title="bbox 114 1053 1768 1099; baseline 0.002 -13"><span class='ocrx_word' id='word_1_177' title='bbox 114 1053 228 1086; x_wconf 89' lang='lat' dir='ltr'><strong>bulum</strong></span> <span class='ocrx_word' id='word_1_178' title='bbox 249 1053 268 1084; x_wconf 79' lang='grc' dir='ltr'><em>ἁ</em></span> <span class='ocrx_word' id='word_1_179' title='bbox 289 1054 363 1092; x_wconf 77' lang='grc' dir='ltr'><em>ξείνα</em></span> <span class='ocrx_word' id='word_1_180' title='bbox 386 1059 453 1084; x_wconf 88' lang='lat' dir='ltr'><strong>tum</strong></span> <span class='ocrx_word' id='word_1_181' title='bbox 472 1053 598 1084; x_wconf 89' lang='lat' dir='ltr'><strong>demum</strong></span> <span class='ocrx_word' id='word_1_182' title='bbox 619 1060 743 1085; x_wconf 87' lang='lat' dir='ltr'><strong>tantum</strong></span> <span class='ocrx_word' id='word_1_183' title='bbox 765 1054 878 1085; x_wconf 83' lang='lat' dir='ltr'><strong>valere</strong></span> <span class='ocrx_word' id='word_1_184' title='bbox 893 1055 1089 1095; x_wconf 87' lang='lat' dir='ltr'><strong>putaverim,</strong></span> <span class='ocrx_word' id='word_1_185' title='bbox 1113 1056 1143 1085; x_wconf 91' lang='lat' dir='ltr'><strong>si</strong></span> <span class='ocrx_word' id='word_1_186' title='bbox 1164 1054 1219 1085; x_wconf 73' lang='lat' dir='ltr'><strong>vel</strong></span> <span class='ocrx_word' id='word_1_187' title='bbox 1240 1056 1402 1095; x_wconf 87' lang='lat' dir='ltr'><strong>exiguum</strong></span> <span class='ocrx_word' id='word_1_188' title='bbox 1422 1062 1553 1087; x_wconf 84' lang='lat' dir='ltr'><strong>extaret</strong></span> <span class='ocrx_word' id='word_1_189' title='bbox 1574 1059 1768 1099; x_wconf 83' lang='lat' dir='ltr'><strong>vestigium,</strong></span> 
     </span>
     <span class='ocr_line' id='line_1_18' title="bbox 114 1109 1767 1153; baseline 0.003 -11"><span class='ocrx_word' id='word_1_190' title='bbox 114 1122 158 1142; x_wconf 89' lang='lat' dir='ltr'><strong>ex</strong></span> <span class='ocrx_word' id='word_1_191' title='bbox 181 1120 244 1152; x_wconf 91' lang='lat' dir='ltr'><strong>quo</strong></span> <span class='ocrx_word' id='word_1_192' title='bbox 266 1109 360 1140; x_wconf 85' lang='lat' dir='ltr'><strong>illam</strong></span> <span class='ocrx_word' id='word_1_193' title='bbox 380 1111 652 1151; x_wconf 87' lang='lat' dir='ltr'><strong>peregrinam</strong></span> <span class='ocrx_word' id='word_1_194' title='bbox 675 1110 783 1141; x_wconf 89' lang='lat' dir='ltr'><strong>fuisse</strong></span> <span class='ocrx_word' id='word_1_195' title='bbox 807 1110 949 1142; x_wconf 79' lang='lat' dir='ltr'><strong>Samiam</strong></span> <span class='ocrx_word' id='word_1_196' title='bbox 971 1110 1131 1151; x_wconf 85' lang='lat' dir='ltr'><strong>colligere</strong></span> <span class='ocrx_word' id='word_1_197' title='bbox 1153 1121 1336 1149; x_wconf 87' lang='lat' dir='ltr'><strong>possemus.</strong></span> <span class='ocrx_word' id='word_1_198' title='bbox 1359 1111 1429 1142; x_wconf 82' lang='lat' dir='ltr'><strong>Has</strong></span> <span class='ocrx_word' id='word_1_199' title='bbox 1452 1113 1557 1153; x_wconf 87' lang='lat' dir='ltr'><strong>igitur</strong></span> <span class='ocrx_word' id='word_1_200' title='bbox 1576 1113 1618 1144; x_wconf 89' lang='lat' dir='ltr'><strong>ob</strong></span> <span class='ocrx_word' id='word_1_201' title='bbox 1633 1125 1767 1147; x_wconf 87' lang='lat' dir='ltr'><strong>caussas</strong></span> 
     </span>
     <span class='ocr_line' id='line_1_19' title="bbox 113 1165 1768 1212; baseline 0.002 -12"><span class='ocrx_word' id='word_1_202' title='bbox 113 1178 174 1211; x_wconf 84' lang='lat' dir='ltr'><strong>ego</strong></span> <span class='ocrx_word' id='word_1_203' title='bbox 193 1167 322 1207; x_wconf 89' lang='lat' dir='ltr'><strong>quidem</strong></span> <span class='ocrx_word' id='word_1_204' title='bbox 339 1177 401 1197; x_wconf 92' lang='lat' dir='ltr'><strong>non</strong></span> <span class='ocrx_word' id='word_1_205' title='bbox 420 1167 525 1198; x_wconf 84' lang='lat' dir='ltr'><strong>ausim</strong></span> <span class='ocrx_word' id='word_1_206' title='bbox 541 1165 624 1197; x_wconf 87' lang='lat' dir='ltr'><strong>hanc</strong></span> <span class='ocrx_word' id='word_1_207' title='bbox 644 1168 862 1208; x_wconf 85' lang='lat' dir='ltr'><strong>conjecturam</strong></span> <span class='ocrx_word' id='word_1_208' title='bbox 880 1169 1047 1209; x_wconf 84' lang='lat' dir='ltr'><strong>imponere</strong></span> <span class='ocrx_word' id='word_1_209' title='bbox 1062 1167 1175 1200; x_wconf 86' lang='lat' dir='ltr'><strong>verbis</strong></span> <span class='ocrx_word' id='word_1_210' title='bbox 1194 1175 1310 1210; x_wconf 84' lang='lat' dir='ltr'><strong>poetae.</strong></span> <span class='ocrx_word' id='word_1_211' title='bbox 1336 1167 1451 1211; x_wconf 78' lang='lat' dir='ltr'><strong>Neque</strong></span> <span class='ocrx_word' id='word_1_212' title='bbox 1463 1171 1569 1212; x_wconf 80' lang='lat' dir='ltr'><strong>inagis</strong></span> <span class='ocrx_word' id='word_1_213' title='bbox 1580 1174 1768 1204; x_wconf 85' lang='lat' dir='ltr'><strong>necessaria</strong></span> 
     </span>
     <span class='ocr_line' id='line_1_20' title="bbox 111 1224 1766 1268; baseline 0.002 -12"><span class='ocrx_word' id='word_1_214' title='bbox 111 1226 244 1256; x_wconf 90' lang='lat' dir='ltr'><strong>videtur</strong></span> <span class='ocrx_word' id='word_1_215' title='bbox 275 1224 456 1255; x_wconf 85' lang='lat' dir='ltr'><strong>emendatio</strong></span> <span class='ocrx_word' id='word_1_216' title='bbox 486 1224 667 1255; x_wconf 83' lang='lat' dir='ltr'><strong>Hermanni</strong></span> <span class='ocrx_word' id='word_1_217' title='bbox 695 1235 751 1262; x_wconf 87' lang='lat' dir='ltr'><strong>pro</strong></span> <span class='ocrx_word' id='word_1_218' title='bbox 782 1225 946 1266; x_wconf 76' lang='grc' dir='ltr'><strong><em>αὐλητρίδος</em></strong></span> <span class='ocrx_word' id='word_1_219' title='bbox 975 1225 1164 1256; x_wconf 83' lang='lat' dir='ltr'><strong>Scholiasta</strong></span> <span class='ocrx_word' id='word_1_220' title='bbox 1195 1227 1401 1263; x_wconf 85' lang='lat' dir='ltr'><strong>potissimum</strong></span> <span class='ocrx_word' id='word_1_221' title='bbox 1433 1228 1583 1266; x_wconf 85' lang='lat' dir='ltr'><strong>adjutore</strong></span> <span class='ocrx_word' id='word_1_222' title='bbox 1615 1229 1700 1268; x_wconf 88' lang='lat' dir='ltr'><strong>(nam</strong></span> <span class='ocrx_word' id='word_1_223' title='bbox 1731 1231 1766 1260; x_wconf 81' lang='lat' dir='ltr'><strong>in</strong></span> 
     </span>
     <span class='ocr_line' id='line_1_21' title="bbox 108 1279 1763 1326; baseline 0 -12"><span class='ocrx_word' id='word_1_224' title='bbox 108 1282 263 1323; x_wconf 80' lang='lat' dir='ltr'><strong>vestigiis</strong></span> <span class='ocrx_word' id='word_1_225' title='bbox 287 1280 445 1319; x_wconf 84' lang='lat' dir='ltr'><strong>codicum,</strong></span> <span class='ocrx_word' id='word_1_226' title='bbox 471 1289 542 1321; x_wconf 82' lang='lat' dir='ltr'><strong>quae</strong></span> <span class='ocrx_word' id='word_1_227' title='bbox 566 1280 662 1310; x_wconf 83' lang='lat' dir='ltr'><strong>affert</strong></span> <span class='ocrx_word' id='word_1_228' title='bbox 685 1279 904 1320; x_wconf 87' lang='lat' dir='ltr'><strong>Hermannus,</strong></span> <span class='ocrx_word' id='word_1_229' title='bbox 935 1282 1067 1313; x_wconf 85' lang='lat' dir='ltr'><strong>facilius</strong></span> <span class='ocrx_word' id='word_1_230' title='bbox 1091 1292 1250 1323; x_wconf 85' lang='lat' dir='ltr'><strong>agnoscas</strong></span> <span class='ocrx_word' id='word_1_231' title='bbox 1281 1281 1491 1313; x_wconf 87' lang='lat' dir='ltr'><strong>librariorum</strong></span> <span class='ocrx_word' id='word_1_232' title='bbox 1514 1285 1658 1325; x_wconf 89' lang='lat' dir='ltr'><strong>errores)</strong></span> <span class='ocrx_word' id='word_1_233' title='bbox 1688 1296 1763 1326; x_wconf 87' lang='lat' dir='ltr'><strong>pro-</strong></span> 
     </span>
     <span class='ocr_line' id='line_1_22' title="bbox 110 1336 1763 1380; baseline 0.002 -11"><span class='ocrx_word' id='word_1_234' title='bbox 110 1339 262 1380; x_wconf 84' lang='lat' dir='ltr'><strong>ponentis</strong></span> <span class='ocrx_word' id='word_1_235' title='bbox 292 1337 474 1377; x_wconf 73' lang='grc' dir='ltr'><em>αὐλιστρίὸος,</em></span> <span class='ocrx_word' id='word_1_236' title='bbox 507 1337 593 1377; x_wconf 91' lang='lat' dir='ltr'><strong>quod</strong></span> <span class='ocrx_word' id='word_1_237' title='bbox 622 1336 778 1367; x_wconf 85' lang='lat' dir='ltr'><strong>sublestae</strong></span> <span class='ocrx_word' id='word_1_238' title='bbox 808 1337 889 1368; x_wconf 90' lang='lat' dir='ltr'><strong>fidei</strong></span> <span class='ocrx_word' id='word_1_239' title='bbox 920 1338 1115 1369; x_wconf 79' lang='lat' dir='ltr'><strong>vocabulum</strong></span> <span class='ocrx_word' id='word_1_240' title='bbox 1145 1340 1263 1368; x_wconf 86' lang='lat' dir='ltr'><strong>iterato</strong></span> <span class='ocrx_word' id='word_1_241' title='bbox 1294 1340 1528 1370; x_wconf 81' lang='lat' dir='ltr'><strong>commendavit</strong></span> <span class='ocrx_word' id='word_1_242' title='bbox 1559 1341 1592 1369; x_wconf 88' lang='lat' dir='ltr'><strong>in</strong></span> <span class='ocrx_word' id='word_1_243' title='bbox 1624 1351 1763 1373; x_wconf 82' lang='lat' dir='ltr'><strong>censura</strong></span> 
     </span>
     <span class='ocr_line' id='line_1_23' title="bbox 109 1392 1761 1438; baseline 0.001 -11"><span class='ocrx_word' id='word_1_244' title='bbox 109 1395 264 1427; x_wconf 90' lang='lat' dir='ltr'><strong>editionis</strong></span> <span class='ocrx_word' id='word_1_245' title='bbox 288 1392 510 1424; x_wconf 83' lang='lat' dir='ltr'><strong>Meinekianae</strong></span> <span class='ocrx_word' id='word_1_246' title='bbox 542 1393 589 1434; x_wconf 88' lang='lat' dir='ltr'><strong>(in</strong></span> <span class='ocrx_word' id='word_1_247' title='bbox 611 1392 863 1425; x_wconf 87' lang='lat' dir='ltr'><strong>Zimmermanni</strong></span> <span class='ocrx_word' id='word_1_248' title='bbox 892 1394 1032 1426; x_wconf 86' lang='lat' dir='ltr'><strong>Diurnis</strong></span> <span class='ocrx_word' id='word_1_249' title='bbox 1054 1396 1155 1437; x_wconf 89' lang='lat' dir='ltr'><strong>antiq.</strong></span> <span class='ocrx_word' id='word_1_250' title='bbox 1188 1395 1276 1426; x_wconf 85' lang='lat' dir='ltr'><strong>stud.</strong></span> <span class='ocrx_word' id='word_1_251' title='bbox 1301 1396 1378 1427; x_wconf 83' lang='lat' dir='ltr'><strong>anni</strong></span> <span class='ocrx_word' id='word_1_252' title='bbox 1401 1396 1490 1428; x_wconf 81' lang='lat'><strong>1837.</strong></span> <span class='ocrx_word' id='word_1_253' title='bbox 1513 1406 1544 1435; x_wconf 86' lang='lat' dir='ltr'><strong>p.</strong></span> <span class='ocrx_word' id='word_1_254' title='bbox 1565 1397 1663 1438; x_wconf 56' lang='lat'><strong>2289.</strong></span> <span class='ocrx_word' id='word_1_255' title='bbox 1686 1396 1761 1430; x_wconf 84' lang='lat' dir='ltr'><strong>Non</strong></span> 
     </span>
     <span class='ocr_line' id='line_1_24' title="bbox 111 1450 1761 1495; baseline 0.001 -11"><span class='ocrx_word' id='word_1_256' title='bbox 111 1459 162 1484; x_wconf 90' lang='lat' dir='ltr'><strong>est</strong></span> <span class='ocrx_word' id='word_1_257' title='bbox 184 1459 313 1489; x_wconf 82' lang='lat' dir='ltr'><strong>autem,</strong></span> <span class='ocrx_word' id='word_1_258' title='bbox 338 1450 424 1492; x_wconf 90' lang='lat' dir='ltr'><strong>quod</strong></span> <span class='ocrx_word' id='word_1_259' title='bbox 448 1450 616 1482; x_wconf 86' lang='lat' dir='ltr'><strong>tibicinam</strong></span> <span class='ocrx_word' id='word_1_260' title='bbox 633 1451 834 1493; x_wconf 88' lang='lat' dir='ltr'><strong>relegemus,</strong></span> <span class='ocrx_word' id='word_1_261' title='bbox 855 1454 886 1484; x_wconf 90' lang='lat' dir='ltr'><strong>si</strong></span> <span class='ocrx_word' id='word_1_262' title='bbox 908 1464 958 1493; x_wconf 86' lang='lat' dir='ltr'><strong>ea,</strong></span> <span class='ocrx_word' id='word_1_263' title='bbox 980 1462 1052 1495; x_wconf 82' lang='lat' dir='ltr'><strong>quae</strong></span> <span class='ocrx_word' id='word_1_264' title='bbox 1075 1463 1175 1494; x_wconf 86' lang='lat' dir='ltr'><strong>supra</strong></span> <span class='ocrx_word' id='word_1_265' title='bbox 1194 1453 1375 1494; x_wconf 83' lang='lat' dir='ltr'><strong>disputavi,</strong></span> <span class='ocrx_word' id='word_1_266' title='bbox 1399 1464 1419 1484; x_wconf 88' lang='lat' dir='ltr'><strong>a</strong></span> <span class='ocrx_word' id='word_1_267' title='bbox 1440 1452 1675 1494; x_wconf 82' lang='lat' dir='ltr'><strong>probabilitate</strong></span> <span class='ocrx_word' id='word_1_268' title='bbox 1697 1466 1761 1488; x_wconf 86' lang='lat' dir='ltr'><strong>non</strong></span> 
     </span>
    </p>
   </div>
   <div class='ocr_carea' id='block_1_4' title="bbox 107 1507 449 1553">
    <p class='ocr_par' dir='ltr' id='par_1_6' title="bbox 107 1507 449 1553">
     <span class='ocr_line' id='line_1_25' title="bbox 107 1507 449 1553; baseline -0.02 -10"><span class='ocrx_word' id='word_1_269' title='bbox 107 1521 243 1553; x_wconf 86' lang='lat' dir='ltr'><strong>prorsus</strong></span> <span class='ocrx_word' id='word_1_270' title='bbox 264 1507 449 1538; x_wconf 90' lang='lat' dir='ltr'><strong>abhorrent.</strong></span> 
     </span>
    </p>
   </div>
   <div class='ocr_carea' id='block_1_5' title="bbox 105 1595 1769 2169">
    <p class='ocr_par' dir='ltr' id='par_1_7' title="bbox 191 1595 1200 1810">
     <span class='ocr_line' id='line_1_26' title="bbox 191 1595 1197 1641; baseline 0.002 -11"><span class='ocrx_word' id='word_1_271' title='bbox 191 1598 235 1630; x_wconf 82' lang='lat' dir='ltr'><strong>V.</strong></span> <span class='ocrx_word' id='word_1_272' title='bbox 260 1600 329 1632; x_wconf 85' lang='lat'><strong>150.</strong></span> <span class='ocrx_word' id='word_1_273' title='bbox 371 1597 441 1630; x_wconf 70' lang='grc' dir='ltr'><strong>κεῖτε</strong></span> <span class='ocrx_word' id='word_1_274' title='bbox 461 1611 501 1629; x_wconf 76' lang='grc' dir='ltr'><strong>νιν</strong></span> <span class='ocrx_word' id='word_1_275' title='bbox 522 1595 589 1629; x_wconf 77' lang='grc' dir='ltr'><em>αὖτε</em></span> <span class='ocrx_word' id='word_1_276' title='bbox 609 1597 737 1640; x_wconf 75' lang='grc' dir='ltr'><strong>γυναικὸς</strong></span> <span class='ocrx_word' id='word_1_277' title='bbox 756 1599 810 1640; x_wconf 76' lang='grc' dir='ltr'><strong><em>ἔχει</em></strong></span> <span class='ocrx_word' id='word_1_278' title='bbox 830 1598 926 1635; x_wconf 81' lang='grc' dir='ltr'><em>πόθος</em></span> <span class='ocrx_word' id='word_1_279' title='bbox 945 1599 998 1632; x_wconf 77' lang='grc' dir='ltr'><strong>εἴτε</strong></span> <span class='ocrx_word' id='word_1_280' title='bbox 1017 1597 1065 1632; x_wconf 74' lang='grc' dir='ltr'><strong>καὶ</strong></span> <span class='ocrx_word' id='word_1_281' title='bbox 1087 1599 1197 1641; x_wconf 75' lang='grc' dir='ltr'><strong>ἀνδρός,</strong></span> 
     </span>
     <span class='ocr_line' id='line_1_27' title="bbox 369 1654 1170 1699; baseline 0.004 -12"><span class='ocrx_word' id='word_1_282' title='bbox 369 1656 419 1687; x_wconf 81' lang='grc' dir='ltr'><strong>οὐκ</strong></span> <span class='ocrx_word' id='word_1_283' title='bbox 439 1654 517 1695; x_wconf 70' lang='grc' dir='ltr'><strong><em>ἔφατ’</em></strong></span> <span class='ocrx_word' id='word_1_284' title='bbox 541 1655 652 1697; x_wconf 74' lang='grc' dir='ltr'><strong><em>ἀτρεκὲς</em></strong></span> <span class='ocrx_word' id='word_1_285' title='bbox 674 1655 756 1696; x_wconf 74' lang='grc' dir='ltr'><strong><em>ἴδμεν,</em></strong></span> <span class='ocrx_word' id='word_1_286' title='bbox 778 1656 854 1698; x_wconf 74' lang='grc' dir='ltr'><em>ἀτὰρ</em></span> <span class='ocrx_word' id='word_1_287' title='bbox 874 1657 966 1689; x_wconf 69' lang='grc' dir='ltr'><em>τόσον·</em></span> <span class='ocrx_word' id='word_1_288' title='bbox 988 1656 1047 1689; x_wconf 67' lang='grc' dir='ltr'><strong>αἰὲν</strong></span> <span class='ocrx_word' id='word_1_289' title='bbox 1066 1658 1170 1699; x_wconf 73' lang='grc' dir='ltr'><strong><em>ἔρωτος</em></strong></span> 
     </span>
     <span class='ocr_line' id='line_1_28' title="bbox 368 1711 1093 1755; baseline 0.003 -12"><span class='ocrx_word' id='word_1_290' title='bbox 368 1712 484 1753; x_wconf 57' lang='lat' dir='ltr'><strong>anesim</strong></span> <span class='ocrx_word' id='word_1_291' title='bbox 504 1713 631 1753; x_wconf 79' lang='grc' dir='ltr'><strong><em>ἕπεχεῖτο,</em></strong></span> <span class='ocrx_word' id='word_1_292' title='bbox 653 1711 701 1744; x_wconf 76' lang='grc' dir='ltr'><strong>καὶ</strong></span> <span class='ocrx_word' id='word_1_293' title='bbox 721 1713 750 1748; x_wconf 76' lang='grc' dir='ltr'><strong>ἐς</strong></span> <span class='ocrx_word' id='word_1_294' title='bbox 770 1714 848 1749; x_wconf 77' lang='grc' dir='ltr'><em>τέλος</em></span> <span class='ocrx_word' id='word_1_295' title='bbox 868 1714 955 1755; x_wconf 64' lang='grc' dir='ltr'><strong><em>ᾤχετο</em></strong></span> <span class='ocrx_word' id='word_1_296' title='bbox 976 1713 1093 1754; x_wconf 74' lang='grc' dir='ltr'><em>φεύγων,</em></span> 
     </span>
     <span class='ocr_line' id='line_1_29' title="bbox 368 1767 1200 1810; baseline 0.005 -11"><span class='ocrx_word' id='word_1_297' title='bbox 368 1767 417 1800; x_wconf 76' lang='grc' dir='ltr'><strong>καὶ</strong></span> <span class='ocrx_word' id='word_1_298' title='bbox 438 1769 514 1810; x_wconf 73' lang='grc' dir='ltr'><strong>φάτο</strong></span> <span class='ocrx_word' id='word_1_299' title='bbox 535 1769 563 1801; x_wconf 80' lang='grc' dir='ltr'><strong>οἱ</strong></span> <span class='ocrx_word' id='word_1_300' title='bbox 582 1769 742 1809; x_wconf 74' lang='grc' dir='ltr'><em>στεφάνοισι</em></span> <span class='ocrx_word' id='word_1_301' title='bbox 762 1769 800 1801; x_wconf 81' lang='grc' dir='ltr'><strong>τὰ</strong></span> <span class='ocrx_word' id='word_1_302' title='bbox 820 1770 940 1810; x_wconf 76' lang='grc' dir='ltr'><strong><em>δώματα</em></strong></span> <span class='ocrx_word' id='word_1_303' title='bbox 960 1773 1032 1810; x_wconf 77' lang='grc' dir='ltr'><strong>τῆνα</strong></span> <span class='ocrx_word' id='word_1_304' title='bbox 1052 1770 1200 1803; x_wconf 69' lang='grc' dir='ltr'><strong>πυκάσδεν.</strong></span> 
     </span>
    </p>

    <p class='ocr_par' dir='ltr' id='par_1_8' title="bbox 105 1840 1769 2169">
     <span class='ocr_line' id='line_1_30' title="bbox 190 1840 1755 1886; baseline 0.003 -13"><span class='ocrx_word' id='word_1_305' title='bbox 190 1840 240 1873; x_wconf 79' lang='lat' dir='ltr'><strong>Ita</strong></span> <span class='ocrx_word' id='word_1_306' title='bbox 252 1841 288 1872; x_wconf 89' lang='lat' dir='ltr'><strong>hi</strong></span> <span class='ocrx_word' id='word_1_307' title='bbox 305 1852 423 1872; x_wconf 74' lang='lat' dir='ltr'><strong>versus</strong></span> <span class='ocrx_word' id='word_1_308' title='bbox 442 1841 607 1873; x_wconf 89' lang='lat' dir='ltr'><strong>scribendi</strong></span> <span class='ocrx_word' id='word_1_309' title='bbox 624 1843 784 1873; x_wconf 86' lang='lat' dir='ltr'><strong>videntur.</strong></span> <span class='ocrx_word' id='word_1_310' title='bbox 807 1841 877 1874; x_wconf 71' lang='grc' dir='ltr'><strong>κεῖτε</strong></span> <span class='ocrx_word' id='word_1_311' title='bbox 897 1842 1044 1884; x_wconf 72' lang='lat' dir='ltr'><strong>praebent</strong></span> <span class='ocrx_word' id='word_1_312' title='bbox 1062 1855 1125 1876; x_wconf 88' lang='lat' dir='ltr'><strong>sex</strong></span> <span class='ocrx_word' id='word_1_313' title='bbox 1143 1845 1273 1876; x_wconf 84' lang='lat' dir='ltr'><strong>codices</strong></span> <span class='ocrx_word' id='word_1_314' title='bbox 1292 1845 1326 1876; x_wconf 85' lang='lat' dir='ltr'><strong>iu</strong></span> <span class='ocrx_word' id='word_1_315' title='bbox 1336 1845 1443 1886; x_wconf 79' lang='lat' dir='ltr'><strong>iisque</strong></span> <span class='ocrx_word' id='word_1_316' title='bbox 1452 1845 1598 1886; x_wconf 82' lang='lat' dir='ltr'><strong>optimus</strong></span> <span class='ocrx_word' id='word_1_317' title='bbox 1609 1845 1653 1878; x_wconf 89' lang='lat' dir='ltr'><strong>K.</strong></span> <span class='ocrx_word' id='word_1_318' title='bbox 1674 1846 1755 1884; x_wconf 80' lang='lat' dir='ltr'><strong>Quae</strong></span> 
     </span>
     <span class='ocr_line' id='line_1_31' title="bbox 107 1899 1755 1945; baseline 0.001 -13"><span class='ocrx_word' id='word_1_319' title='bbox 107 1901 213 1932; x_wconf 76' lang='lat' dir='ltr'><strong>fornia</strong></span> <span class='ocrx_word' id='word_1_320' title='bbox 234 1900 311 1938; x_wconf 88' lang='lat' dir='ltr'><strong>quin</strong></span> <span class='ocrx_word' id='word_1_321' title='bbox 338 1904 409 1929; x_wconf 79' lang='lat' dir='ltr'><strong>orta</strong></span> <span class='ocrx_word' id='word_1_322' title='bbox 440 1900 484 1929; x_wconf 86' lang='lat' dir='ltr'><strong>sit</strong></span> <span class='ocrx_word' id='word_1_323' title='bbox 507 1910 548 1930; x_wconf 89' lang='lat' dir='ltr'><strong>ex</strong></span> <span class='ocrx_word' id='word_1_324' title='bbox 574 1899 659 1930; x_wconf 87' lang='lat' dir='ltr'><strong>mala</strong></span> <span class='ocrx_word' id='word_1_325' title='bbox 681 1901 918 1941; x_wconf 83' lang='lat' dir='ltr'><strong>pronunciandi</strong></span> <span class='ocrx_word' id='word_1_326' title='bbox 940 1901 1066 1932; x_wconf 85' lang='lat' dir='ltr'><strong>ratione</strong></span> <span class='ocrx_word' id='word_1_327' title='bbox 1089 1901 1214 1933; x_wconf 83' lang='lat' dir='ltr'><strong>dubito.</strong></span> <span class='ocrx_word' id='word_1_328' title='bbox 1259 1902 1421 1932; x_wconf 86' lang='lat' dir='ltr'><strong>Similiter</strong></span> <span class='ocrx_word' id='word_1_329' title='bbox 1443 1902 1566 1933; x_wconf 85' lang='lat' dir='ltr'><strong>dicitur</strong></span> <span class='ocrx_word' id='word_1_330' title='bbox 1584 1904 1647 1941; x_wconf 77' lang='grc' dir='ltr'><strong>κείς,</strong></span> <span class='ocrx_word' id='word_1_331' title='bbox 1669 1905 1755 1945; x_wconf 85' lang='lat' dir='ltr'><strong>quod</strong></span> 
     </span>
     <span class='ocr_line' id='line_1_32' title="bbox 106 1953 1754 2001; baseline 0.002 -13"><span class='ocrx_word' id='word_1_332' title='bbox 106 1956 297 1989; x_wconf 81' lang='lat' dir='ltr'><strong>Meinekius</strong></span> <span class='ocrx_word' id='word_1_333' title='bbox 328 1953 455 1985; x_wconf 88' lang='lat' dir='ltr'><strong>Mosch.</strong></span> <span class='ocrx_word' id='word_1_334' title='bbox 479 1954 506 1993; x_wconf 90' lang='lat' dir='ltr'><strong>I,</strong></span> <span class='ocrx_word' id='word_1_335' title='bbox 531 1958 580 1989; x_wconf 83' lang='lat'><strong>14.</strong></span> <span class='ocrx_word' id='word_1_336' title='bbox 603 1958 757 1987; x_wconf 89' lang='lat' dir='ltr'><strong>intactum</strong></span> <span class='ocrx_word' id='word_1_337' title='bbox 787 1956 941 1998; x_wconf 86' lang='lat' dir='ltr'><strong>reliquit,</strong></span> <span class='ocrx_word' id='word_1_338' title='bbox 973 1957 1032 1988; x_wconf 85' lang='lat' dir='ltr'><strong>sed</strong></span> <span class='ocrx_word' id='word_1_339' title='bbox 1054 1956 1116 1988; x_wconf 92' lang='lat' dir='ltr'><strong>Bio</strong></span> <span class='ocrx_word' id='word_1_340' title='bbox 1138 1958 1165 1997; x_wconf 90' lang='lat'><strong>1,</strong></span> <span class='ocrx_word' id='word_1_341' title='bbox 1188 1960 1238 1992; x_wconf 77' lang='grc'><strong>47.</strong></span> <span class='ocrx_word' id='word_1_342' title='bbox 1262 1958 1400 1989; x_wconf 86' lang='lat' dir='ltr'><strong>Theocr.</strong></span> <span class='ocrx_word' id='word_1_343' title='bbox 1425 1956 1557 1998; x_wconf 84' lang='lat' dir='ltr'><strong>XVIII,</strong></span> <span class='ocrx_word' id='word_1_344' title='bbox 1582 1961 1630 1993; x_wconf 86' lang='lat'><strong>15.</strong></span> <span class='ocrx_word' id='word_1_345' title='bbox 1650 1962 1683 1991; x_wconf 88' lang='lat' dir='ltr'><strong>iu</strong></span> <span class='ocrx_word' id='word_1_346' title='bbox 1705 1962 1754 2001; x_wconf 64' lang='grc' dir='ltr'><strong>κιζς</strong></span> 
     </span>
     <span class='ocr_line' id='line_1_33' title="bbox 105 2012 1752 2056; baseline 0.002 -11"><span class='ocrx_word' id='word_1_347' title='bbox 105 2018 263 2045; x_wconf 87' lang='lat' dir='ltr'><strong>mutatum</strong></span> <span class='ocrx_word' id='word_1_348' title='bbox 285 2013 421 2053; x_wconf 85' lang='lat' dir='ltr'><strong>recepit,</strong></span> <span class='ocrx_word' id='word_1_349' title='bbox 443 2012 540 2050; x_wconf 80' lang='lat' dir='ltr'><strong>idque</strong></span> <span class='ocrx_word' id='word_1_350' title='bbox 563 2015 686 2044; x_wconf 84' lang='lat' dir='ltr'><strong>omisso</strong></span> <span class='ocrx_word' id='word_1_351' title='bbox 710 2015 777 2045; x_wconf 88' lang='lat' dir='ltr'><strong>iota</strong></span> <span class='ocrx_word' id='word_1_352' title='bbox 799 2013 996 2054; x_wconf 85' lang='lat' dir='ltr'><strong>subscripto,</strong></span> <span class='ocrx_word' id='word_1_353' title='bbox 1020 2024 1211 2056; x_wconf 83' lang='lat' dir='ltr'><strong>quamquam</strong></span> <span class='ocrx_word' id='word_1_354' title='bbox 1230 2015 1315 2056; x_wconf 84' lang='lat' dir='ltr'><strong>apud</strong></span> <span class='ocrx_word' id='word_1_355' title='bbox 1338 2024 1413 2045; x_wconf 90' lang='lat' dir='ltr'><strong>eum</strong></span> <span class='ocrx_word' id='word_1_356' title='bbox 1434 2012 1512 2055; x_wconf 77' lang='grc' dir='ltr'><strong><em>κῇπε,</em></strong></span> <span class='ocrx_word' id='word_1_357' title='bbox 1533 2015 1598 2056; x_wconf 79' lang='grc' dir='ltr'><strong>κῇτε</strong></span> <span class='ocrx_word' id='word_1_358' title='bbox 1617 2016 1683 2047; x_wconf 82' lang='lat' dir='ltr'><strong>alia</strong></span> <span class='ocrx_word' id='word_1_359' title='bbox 1704 2016 1752 2048; x_wconf 83' lang='lat' dir='ltr'><strong>le-</strong></span> 
     </span>
     <span class='ocr_line' id='line_1_34' title="bbox 107 2068 1769 2115; baseline 0.002 -13"><span class='ocrx_word' id='word_1_360' title='bbox 107 2078 238 2113; x_wconf 84' lang='lat' dir='ltr'><strong>guntur.</strong></span> <span class='ocrx_word' id='word_1_361' title='bbox 262 2069 348 2102; x_wconf 86' lang='lat' dir='ltr'><strong>Tum</strong></span> <span class='ocrx_word' id='word_1_362' title='bbox 369 2082 410 2101; x_wconf 78' lang='grc' dir='ltr'><strong>νιν</strong></span> <span class='ocrx_word' id='word_1_363' title='bbox 431 2068 587 2107; x_wconf 86' lang='lat' dir='ltr'><strong>scriptum</strong></span> <span class='ocrx_word' id='word_1_364' title='bbox 607 2077 658 2101; x_wconf 89' lang='lat' dir='ltr'><strong>est</strong></span> <span class='ocrx_word' id='word_1_365' title='bbox 675 2082 693 2102; x_wconf 95' lang='lat' dir='ltr'><strong>e</strong></span> <span class='ocrx_word' id='word_1_366' title='bbox 710 2072 907 2112; x_wconf 82' lang='lat' dir='ltr'><strong>conjectura.</strong></span> <span class='ocrx_word' id='word_1_367' title='bbox 929 2070 970 2101; x_wconf 87' lang='lat' dir='ltr'><strong>cf.</strong></span> <span class='ocrx_word' id='word_1_368' title='bbox 989 2069 1236 2103; x_wconf 85' lang='lat' dir='ltr'><strong>Muehlmann.:</strong></span> <span class='ocrx_word' id='word_1_369' title='bbox 1260 2072 1369 2114; x_wconf 84' lang='lat' dir='ltr'><strong>Leges</strong></span> <span class='ocrx_word' id='word_1_370' title='bbox 1381 2071 1528 2104; x_wconf 83' lang='lat' dir='ltr'><strong>Dialecti</strong></span> <span class='ocrx_word' id='word_1_371' title='bbox 1549 2080 1610 2104; x_wconf 90' lang='lat' dir='ltr'><strong>etc.</strong></span> <span class='ocrx_word' id='word_1_372' title='bbox 1632 2074 1664 2115; x_wconf 79' lang='lat' dir='ltr'><strong>p.</strong></span> <span class='ocrx_word' id='word_1_373' title='bbox 1681 2075 1769 2106; x_wconf 62' lang='lat'><strong>12&amp;</strong></span> 
     </span>
     <span class='ocr_line' id='line_1_35' title="bbox 105 2126 1752 2169; baseline 0.001 -10"><span class='ocrx_word' id='word_1_374' title='bbox 105 2127 206 2159; x_wconf 83' lang='lat' dir='ltr'><strong>Porro</strong></span> <span class='ocrx_word' id='word_1_375' title='bbox 236 2138 334 2168; x_wconf 84' lang='lat' dir='ltr'><strong>supra</strong></span> <span class='ocrx_word' id='word_1_376' title='bbox 361 2126 515 2157; x_wconf 78' lang='lat' dir='ltr'><strong>distincta</strong></span> <span class='ocrx_word' id='word_1_377' title='bbox 546 2130 598 2158; x_wconf 74' lang='lat' dir='ltr'><strong>est</strong></span> <span class='ocrx_word' id='word_1_378' title='bbox 625 2129 730 2159; x_wconf 86' lang='lat' dir='ltr'><strong>oratio</strong></span> <span class='ocrx_word' id='word_1_379' title='bbox 758 2134 831 2167; x_wconf 82' lang='lat' dir='ltr'><strong>post</strong></span> <span class='ocrx_word' id='word_1_380' title='bbox 853 2129 943 2160; x_wconf 72' lang='grc' dir='ltr'><strong>τόσον.</strong></span> <span class='ocrx_word' id='word_1_381' title='bbox 986 2126 1178 2159; x_wconf 87' lang='lat' dir='ltr'><strong>Meinekius</strong></span> <span class='ocrx_word' id='word_1_382' title='bbox 1207 2128 1271 2169; x_wconf 72' lang='grc' dir='ltr'><strong>κῇτε</strong></span> <span class='ocrx_word' id='word_1_383' title='bbox 1296 2131 1443 2164; x_wconf 70' lang='lat' dir='ltr'><strong>servavit</strong></span> <span class='ocrx_word' id='word_1_384' title='bbox 1471 2136 1504 2160; x_wconf 88' lang='lat' dir='ltr'><strong>et</strong></span> <span class='ocrx_word' id='word_1_385' title='bbox 1526 2129 1620 2160; x_wconf 86' lang='lat' dir='ltr'><strong>colon</strong></span> <span class='ocrx_word' id='word_1_386' title='bbox 1640 2131 1752 2169; x_wconf 85' lang='lat' dir='ltr'><strong>posuit</strong></span> 
     </span>
    </p>
   </div>
   <div class='ocr_carea' id='block_1_6' title="bbox 1450 2188 1476 2227">
    <p class='ocr_par' dir='ltr' id='par_1_9' title="bbox 1450 2188 1476 2227">
     <span class='ocr_line' id='line_1_36' title="bbox 1450 2188 1476 2227; baseline 0 0"><span class='ocrx_word' id='word_1_387' title='bbox 1450 2188 1476 2227; x_wconf 85' lang='lat'><strong>3</strong></span> 
     </span>
    </p>
   </div>
  </div>
 </body>
</html>
