1872 2345
837 30 1065 69 -4-

121 117 249 155 konnte,·
271 128 306 149 m
327 108 389 160 gui
406 121 466 149 wie
488 119 546 150 der
565 118 682 150 Kuabe
702 120 788 150 scine
811 118 966 160 Raupen-
997 120 1074 151 oder
1094 119 1363 159 Kirjfer-Bt'lclue
1377 121 1464 152 'oder
1491 121 1660 154 Schacmel
1671 130 1772 163 sagea

121 175 221 214 kann,
259 175 401 217 obgleo'ch
422 175 511 208 Stall
529 177 590 209 das
622 175 811 218 et'genllz'clte
844 176 938 208 Wort
957 181 1062 216 ware,
1097 177 1217 209 obwohl
1244 190 1279 209 er
1308 182 1359 209 nie
1380 177 1655 212 Kuh-Sclmcluel
1672 188 1776 220 engen

121 233 209 264 uit-d.
252 232 340 265 Dan
361 244 423 265 mm
445 234 520 265 abet·
542 234 622 266 auch
644 235 695 265 die
720 233 875 264 Grieclten
892 245 927 264 m
950 239 1080 275 cagten,
1110 235 1193 266 kann
1212 246 1272 266 nur
1294 237 1346 267 dte
1367 235 1476 266 Kritt'k
1494 236 1552 266 der
1578 236 1777 275 Ueberlt'eje-

120 299 202 330 rung
222 293 254 321 in
274 290 486 322 bezet'chneter
508 290 609 322 Stelle
628 290 844 328 elaleclcet'deu,
876 292 941 322 mad
961 292 1050 322 dieaee
1072 294 1117 323 ist
1135 302 1195 323 von
1216 292 1325 324 Set'ten
1346 293 1402 323 der
1424 291 1529 322 Codd.
1553 292 1700 331 offenbar
1714 293 1778 330 fiir

122 346 332 387 ἀκριδοθῆκαν“
371 347 452 378 Haec
482 351 671 389 argumenta
695 349 758 378 viri
783 349 990 388 sagacissimi
1011 358 1079 378 rem
1102 349 1244 379 nondum
1266 349 1426 380 conficere
1450 348 1531 380 mihi
1554 349 1683 389 quidem
1706 359 1778 386 per-

123 414 256 433 suasum
279 410 340 435 est.
385 405 530 436 Primum
558 406 643 435 enim
666 405 770 435 oratio
791 403 890 445 hujus
910 403 976 435 loci
998 414 1061 436 non
1084 410 1135 436 est
1152 405 1269 445 jocosa
1291 405 1417 446 (lamu'g
1439 429 1448 444 ,
1479 406 1537 438 sed
1558 405 1651 437 locus
1674 405 1779 436 conti-

121 466 177 490 net
207 470 343 492 suavem
363 467 396 492 et
419 463 562 492 vividam
585 463 634 492 rei
658 461 923 502 descriptionem.
967 460 1097 493 Deinde
1121 461 1188 492 alia
1210 468 1261 493 est
1292 463 1376 493 ratio
1401 463 1524 505 linguae
1547 472 1680 505 graecae,
1709 463 1779 493 alia

123 520 263 555 nostrae,
293 525 330 548 ut
359 520 445 549 inter
468 530 504 549 se
526 520 703 557 comparari
726 529 823 556 posse
846 528 910 548 non
933 518 1073 549 arbitrer
1092 518 1216 549 Be'c'cltse
1243 520 1315 548 sive
1337 517 1509 550 Scltacltlel
1526 526 1622 562 atque
1645 519 1722 560 θήκη
1746 524 1779 550 et

123 574 211 615 θήρα.
258 575 398 607 Codices
422 578 583 618 denique,
607 577 646 606 ad
670 586 750 617 quos
771 581 940 616 provocat,
962 577 986 605 ii
1008 583 1095 606 certe
1116 587 1177 607 scx
1203 586 1357 615 numero,
1381 578 1435 615 qui
1458 577 1544 617 apud
1566 576 1779 607 Theocritum

124 632 317 672 ἀκριδοθὴκαν
339 634 471 672 dedere,
492 645 555 664 non
578 637 717 674 possunt
735 634 866 671 optimis
887 632 1103 664 adnumerari.
1133 633 1216 664 Nutu
1241 640 1373 664 anctore
1396 633 1587 664 Gaisfordio
1611 633 1715 663 codex
1739 631 1777 662 Z.

123 691 371 720 recentissimus
395 697 464 729 est,
494 691 533 721 L.
558 691 722 721 recentior
743 689 902 727 multum,
935 696 966 719 et
988 700 1083 731 quam
1110 701 1194 729 saepe
1217 690 1251 720 hi
1278 696 1310 721 et
1331 696 1483 732 quattuor
1504 689 1625 731 reliqui
1647 690 1776 720 codices

123 745 210 776 inter
231 757 266 776 se
290 749 499 788 conspirent,
531 754 662 786 apparet
685 757 728 777 ex
752 752 953 785 conspectu,
988 757 1082 785 quem
1108 746 1262 778 exhibuit
1288 746 1533 779 Mummi-ianm:
1570 746 1676 787 Leges
1697 746 1778 777 Dia-

124 801 203 833 lecti
222 810 283 834 etc.
326 805 453 845 Lipsiae
482 805 564 836 1838
585 815 615 843 p.
638 806 677 835 21
703 814 771 846 sqq.
815 802 866 833 Ibi
886 803 979 834 codd.
1004 803 1041 834 Z.
1063 805 1094 837 6.
1116 806 1145 837 8.
1168 807 1198 837 9,
1223 815 1249 835 c.
1271 804 1311 835 ad
1332 814 1427 834 unam
1448 803 1607 833 familiam
1630 803 1777 833 referun-

124 865 187 890 tur.
234 859 341 896 Quam
364 860 405 891 ob
428 872 495 891 rem
518 861 735 892 verisimilius
757 861 907 898 videtur,
930 859 1102 891 librarium
1126 862 1303 902 quendam,
1326 861 1381 900 qui
1402 861 1435 890 in
1458 859 1652 901 ιέκριδοθῆραν
1674 860 1777 891 offen-

123 916 219 955 derit,
243 917 328 951 illud
351 920 533 949 mutavisse
551 920 584 949 in
608 918 807 959 ἀκριδοθήκαν,
830 927 925 958 quam
946 917 1061 947 ordine
1083 918 1227 947 inverso.
1271 916 1382 957 Itaque
1405 918 1578 956 impetrare
1601 927 1620 948 a
1642 927 1692 948 me
1713 926 1778 948 non

124 985 278 1014 possum,
302 977 380 1016 quin
400 987 511 1006 veram
530 982 639 1013 putem
660 977 854 1005 sententiam
879 975 997 1004 summi
1017 974 1190 1005 Lobeckii.

207 1055 251 1086 V.
270 1058 321 1088 56.
365 1057 501 1088 Αιόλικόν
521 1069 548 1087 τι
568 1057 680 1097 θάημα·
701 1057 786 1099 τέρας
806 1056 839 1089 κε’
856 1069 890 1088 τυ
910 1055 1005 1096 θυμὸν
1026 1055 1133 1093 ἀ-τύξαι.

207 1128 397 1161 Infinitivus
429 1130 530 1169 ἀτύξαι
560 1131 778 1172 appositionis
801 1130 874 1162 loco
895 1130 1026 1161 additus
1058 1135 1109 1161 est
1140 1127 1370 1167 substantivo,
1400 1138 1503 1171 quemr
1524 1138 1619 1159 usum
1647 1139 1778 1160 accura-

125 1187 266 1226 tissime,
287 1193 324 1217 ut
347 1187 446 1227 solet,
469 1187 661 1227 explanavit
684 1188 873 1220 Mehlhorn.
898 1188 938 1218 de
958 1187 1184 1225 Appositione.
1208 1198 1240 1227 p.
1263 1189 1293 1218 8.
1317 1193 1349 1217 et
1371 1189 1401 1219 9.
1424 1186 1552 1217 Similis
1574 1186 1666 1218 locus
1691 1188 1778 1219 infra

126 1251 218 1275 extat
241 1244 386 1283 XXIV,
419 1246 488 1277 136.
511 1246 597 1286 μέγας
626 1245 712 1286 ἄρτος
737 1245 873 1286 Δωρικός,
897 1243 1046 1285 (ἒς-φαλεώς
1067 1256 1097 1274 κε
1118 1238 1302 1284 φυτοσκάφοι)
1326 1243 1415 1285 ἄνδρα
1437 1244 1575 1284 κορέσσαι.
1618 1243 1667 1274 lbi
1692 1246 1777 1276 enim

124 1304 228 1342 major
250 1303 409 1332 orationis
435 1303 604 1333 distinctio
625 1309 697 1341 post
720 1302 848 1343 Δωρικός
871 1301 973 1342 vulgo
994 1302 1116 1342 posita,
1141 1310 1211 1341 quae
1236 1303 1332 1331 etiam
1357 1302 1442 1341 apud
1465 1299 1670 1331 Mcinekinm
1692 1301 1778 1343 legi-

127 1366 197 1397 tur,
226 1359 380 1389 mutanda
404 1365 455 1389 est
478 1360 512 1390 in
535 1360 700 1389 mininam.
745 1359 838 1389 Hanc
866 1359 1029 1389 minimam
1052 1358 1193 1397 positam
1216 1368 1290 1388 esse
1313 1358 1385 1398 ipse
1413 1358 1493 1387 mois
1517 1355 1622 1392 oculis
1647 1359 1717 1390 vidi
1738 1360 1773 1390 in

124 1417 174 1447 ed.
193 1416 297 1446 Brub.
312 1427 341 1446 a.
356 1417 445 1448 1553.
457 1422 554 1457 atque
577 1418 611 1447 in
635 1417 779 1446 editione
803 1416 880 1446 anni
904 1415 995 1453 1596,
1010 1412 1066 1456 [ad
1079 1412 1135 1444 fin.
1148 1413 1274 1454 praefat.
1293 1415 1449 1455 scriptum
1467 1421 1535 1449 est:
1559 1418 1638 1457 „Ex
1652 1417 1774 1448 Ilfelda

125 1484 154 1504 a.
180 1475 271 1505 1592.
295 1473 335 1503 Τ.
359 1473 399 1515 “]
425 1474 465 1503 de
482 1484 543 1512 qua
557 1474 730 1503 verissime
741 1472 906 1513 judicavit
923 1470 1170 1502 VVuestemann.
1194 1471 1284 1509 praef.
1309 1472 1472 1512 p.XX[X
1483 1481 1586 1512 extr.;
1618 1485 1715 1517 porro
1738 1475 1774 1505 in

126 1531 204 1561 edit.
228 1530 324 1560 Eton.
356 1537 388 1561 et
404 1529 467 1561 Th.
480 1529 628 1572 Briggsii
650 1541 772 1561 comma
782 1530 927 1570 positum
952 1539 1026 1558 esse
1049 1528 1216 1558 adnotavit
1228 1527 1263 1557 F.
1276 1528 1316 1558 A.
1327 1528 1456 1561 Jacobs.
1479 1543 1510 1573 p.
1523 1531 1777 1564 475.—Paullo

124 1594 198 1627 post
221 1588 254 1618 in
280 1586 391 1618 verbis
412 1586 477 1619 ποτὶ
497 1591 586 1628 χεῖλος
606 1587 672 1628 ἐμὸν
692 1588 771 1628 θίγεν
794 1598 857 1617 non
880 1596 1016 1616 necesse
1034 1591 1084 1615 cst
1103 1591 1265 1623 statuatur
1282 1587 1409 1625 tmesis,
1429 1589 1478 1618 uti
1498 1588 1775 1621 Wuestemannus

128 1651 159 1675 et
177 1645 313 1675 Rostius
339 1644 395 1675 Gr.
421 1646 438 1681 ξ
462 1647 522 1676 108
543 1644 620 1675 Not.
639 1646 670 1675 9.
695 1644 822 1683 volunt,
845 1644 903 1674 sed
927 1653 1066 1684 praepos.
1087 1640 1152 1673 ποτὶ
1176 1643 1373 1684 conjungere
1396 1646 1505 1683 possis
1529 1656 1601 1676 cum
1622 1649 1720 1688 χεῖλος,
1742 1648 1782 1678 ιη’

127 1704 172 1733 sit
198 1703 398 1733 constructio
422 1712 613 1743 praegnans:
644 1706 829 1743 tangens
853 1702 975 1732 venit
999 1700 1047 1730 ad
1070 1699 1194 1730 labru
1205 1709 1246 1730 m.

209 1775 253 1806 V.
275 1777 325 1813 77,
345 1778 394 1813 80,
415 1776 465 1807 81.
507 1774 571 1817 ἧνθ’
591 1775 708 1816 Ἑρμᾶς.
730 1773 819 1815 ἦνθον
839 1772 882 1807 τοὶ
903 1777 1000 1816 βῶται.
1021 1770 1084 1814 virt?
1108 1773 1124 1804 ὁ
1146 1773 1284 1814 Πρίηπος.
1308 1773 1436 1805 Similis
1458 1777 1610 1815 repetitio
1631 1778 1777 1818 ejusdem

131 1832 225 1864 verbi
246 1836 297 1864 est
319 1834 403 1873 apud
423 1833 519 1864 Hom.
550 1833 614 1864 Od.
640 1832 734 1871 Vlll,
757 1834 838 1864 322:
882 1829 970 1871 ἦλθε
991 1831 1156 1862 Ποσειδάων
1178 1830 1315 1871 γαιήοχος·
1336 1828 1413 1871 ἦλθ’
1436 1833 1558 1873 ἐριούνης

876 1888 1015 1929 Ἑρμείας·
1037 1885 1151 1928 ἦλθεν
1171 1886 1200 1919 δὲ
1222 1886 1295 1925 ἄναξ
1315 1888 1444 1929 ἑκάεργος
1463 1890 1625 1921 ’Λπόλλωιε

214 1947 256 1978 V.
279 1947 331 1978 83.
354 1949 461 1987 κρᾶνας
482 1946 534 1976 hic
556 1946 698 1987 aliisque
718 1945 801 1976 locis
827 1944 945 1986 (veluti
965 1943 1053 1974 VIII.
1075 1947 1125 1975 52.
1144 1948 1251 1983 φώκας.
1274 1943 1337 1981 IX,
1356 1946 1403 1975 10.
1426 1948 1530 1980 πᾶσας.
1554 1946 1602 1976 11.
1617 1950 1778 1985 τρωγοῖσας.

132 2007 177 2037 17.
198 2003 352 2046 χιμαΐρας.)
382 2009 554 2043 propterea
577 2004 708 2041 scripsit
733 2002 944 2039 Meinekius,
968 2001 1052 2039 quod
1081 1999 1279 2030 Theocritus
1310 1999 1369 2030 hos
1393 2002 1597 2031 accusativos
1620 2011 1778 2040 nusquam

131 2062 338 2102 produxerit.
377 2060 539 2090 Similiter
560 2059 737 2097 vocabula,
769 2070 839 2100 qua·
861 2058 922 2089 huc
954 2061 1118 2096 spectant,
1138 2057 1207 2096 jam
1232 2057 1362 2094 scripsit
1386 2056 1558 2096 Goettling.
1583 2058 1616 2086 in
1640 2057 1778 2088 Hesiod.

131 2118 235 2148 veluti
257 2117 384 2159 Theog.
404 2118 456 2148 60.
478 2119 584 2158 κοῦρας
603 2117 661 2147 κτλ.
683 2115 724 2146 cs.
744 2115 837 2157 praef.
858 2124 890 2155 p.
913 2112 1226 2145 XVI.Meinekium
1242 2119 1401 2155 sequutus
1419 2118 1469 2144 est
1479 2111 1778 2154 Burchard.p.209.
