1872 2345
827 47 1080 86 -33-

115 137 160 180 τῷ
178 135 299 179 &auhn
320 151 371 172 ow
391 138 586 181 ἕγκοιμᾶσθοα.
630 136 697 169 Sed
716 135 778 169 hoc
806 135 880 168 loeo
907 134 1040 177 propter
1065 134 1249 176 geminatos
1279 135 1408 169 dativus
1431 135 1555 180 Εὖμᾰρᾳ
1574 139 1616 177 τῷ
1635 138 1766 181 δεσπότᾳ,

115 197 160 227 ad
182 206 355 237 personam
376 200 583 237 spectantes,
623 205 717 234 quam
734 204 801 225 non
824 193 1004 234 alloquitur
1026 192 1137 231 Laco,
1161 192 1274 223 durior
1294 194 1425 226 videtur
1448 195 1517 226 haec
1538 196 1644 234 ratio,
1672 207 1767 235 quam

114 255 152 283 ut
173 253 281 294 possit
300 251 442 292 probari.
486 252 572 284 Tum
605 250 785 292 Gregorius
814 260 879 280 non
902 256 967 280 tam
991 248 1142 280 voculam
1164 260 1224 286 τοι,
1258 259 1351 288 quam
1380 253 1481 282 totius
1504 253 1678 283 sententiae
1700 255 1766 284 vim

115 309 302 341 reddidisse
333 311 498 351 putandus
533 315 596 341 est.
639 307 740 339 Porro
763 306 947 339 Wuestem.
980 308 1014 338 in
1045 305 1276 338 observatione
1301 309 1413 339 critica
1434 308 1629 352 adscripsit:
1659 308 1767 350 „Ger-

116 365 209 397 hard.
231 367 338 398 Lectt.
358 367 514 405 Apollon.
537 377 567 405 p.
592 367 661 398 154.
684 366 817 405 conjicit
845 362 879 405 ἧς
898 378 925 396 τι
946 364 1080 395 ἕνεύδεν.“
1118 364 1164 395 At
1181 363 1215 393 id
1235 374 1299 394 non
1319 366 1410 402 potui
1431 377 1492 406 ego
1514 368 1598 405 apud
1621 366 1768 398 Gerhar.

117 423 208 454 dium
226 424 383 464 reperire.
424 422 514 453 Illud
535 436 562 455 τι
581 424 691 464 potius
714 421 860 464 praebent
884 421 959 452 Bar.
979 420 1084 451 Laud.
1105 424 1191 451 teste
1210 419 1242 450 J.
1261 420 1303 451 A.
1322 420 1491 460 Jacobsio,
1515 429 1611 465 atque
1635 426 1667 455 in
1688 435 1765 456 con-

116 486 246 510 textum
275 481 399 520 recepit
428 478 652 511 Boissonadus
675 480 785 510 addita
817 478 877 508 hac
908 478 1133 508 adnotatione:
1177 477 1325 519 „Recepi
1353 492 1381 510 u
1412 490 1430 509 e
1461 479 1554 509 codd.
1597 479 1643 511 Ut
1664 481 1718 513 hic
1739 495 1766 513 u

114 534 236 571 ἐνεύδειν,
258 536 307 566 sic
331 537 377 575 17,
400 537 469 569 133.
509 537 588 577 λέχος
610 536 725 568 ιὀιῦεινέ·ς
771 534 837 564 Sed
858 533 912 564 hic
935 533 1028 564 loeus
1052 533 1174 564 allatus
1199 533 1284 564 nihil
1312 533 1450 574 probat,
1473 536 1552 576 quia
1574 536 1657 576 λέχος
1679 540 1767 569 arcte

116 590 257 622 cohaeret
287 602 359 623 oum
387 593 538 634 mdqvvo‘w.
583 592 723 624 Omnino
752 590 884 621 videtur
918 588 1005 620 illud
1035 602 1062 621 n
1092 589 1222 621 illatum
1245 601 1320 622 esse
1342 590 1383 622 ab
1404 590 1518 633 aliquo
1542 594 1766 634 grammatico,

116 650 211 689 atque
242 650 400 687 scriptura
430 649 565 691 vulgata
593 661 636 680 τοι
658 648 811 689 genuina.
857 646 938 677 Eam
959 653 1067 677 autem
1090 648 1137 677 ita
1158 647 1416 688 explicaverim,
1442 655 1477 678 ut
1498 661 1543 680 τοι
1568 650 1614 679 sit
1635 649 1767 681 dativus

115 714 159 734 ex
183 704 339 736 familiari
360 706 499 747 quodam
521 706 670 735 convicio
693 704 874 745 appositus.
898 703 1044 734 Pertinet
1066 704 1170 744 igitur
1187 704 1228 734 ad
1251 714 1347 734 usum
1369 704 1435 735 late
1459 711 1624 745 patentem
1648 706 1766 746 dativi,

116 770 211 800 quem
232 761 372 792 ethicum
392 761 494 803 vulgo
515 762 627 792 dicunt
646 762 863 802 grammatici,
888 759 946 790 uhi
966 769 1025 790 nos
1047 759 1176 791 voculis
1190 762 1243 801 ja,
1256 762 1300 801 ja
1321 760 1410 798 doch,
1434 771 1518 800 saepe
1540 764 1589 793 uti
1610 762 1767 802 solemus,

114 823 152 847 nt
171 817 383 849 confirmandi
412 817 553 849 habeant
574 822 779 860 potestatem.
809 817 850 848 cf.
878 815 1073 847 Stallbaum.
1096 817 1130 847 in
1153 816 1238 848 Plat.
1261 818 1373 859 Symp.
1398 818 1435 849 P.
1457 819 1530 851 219.
1554 819 1599 860 (p.
1622 820 1694 853 235.
1716 821 1768 852 ed.

112 872 155 903 11.
188 883 257 911 quae
290 885 319 904 a.
345 874 425 905 1836
456 873 572 904 Gothze
601 875 747 914 prodiit).
801 871 874 909 Quo
905 883 967 903 usu
1000 874 1034 903 in
1061 872 1148 903 hunc
1173 872 1281 903 locum
1310 874 1470 904 translato
1500 877 1663 906 sententia
1692 883 1765 909 est:

114 928 161 960 Es
177 940 244 960 war
255 931 295 970 ja
317 931 401 972 (sive
422 931 486 972 dir)
507 930 594 962 nicht
613 930 730 962 einmal
746 930 813 962 dem
832 929 942 961 Herm
960 928 1116 960 Eumarae
1140 929 1209 972 [eiu
1225 928 1374 972 solches]‚
1393 940 1441 960 um
1463 931 1587 969 darauf
1605 942 1644 962 zu
1662 932 1766 965 schla-

112 986 178 1022 fen.
218 985 394 1029 Tamquam
415 987 625 1028 proverbium
648 989 773 1029 accepit
795 987 896 1018 verba
915 987 1072 1018 Erasmus
1093 986 1155 1017 Ad.
1177 985 1238 1024 IV,
1264 988 1313 1018 10.
1334 988 1385 1019 63.
1410 998 1441 1028 p.
1467 990 1558 1021 1038.
1602 988 1767 1022 Similiter

115 1041 180 1081 lv,
199 1044 250 1076 62.
269 1043 303 1075 τό
324 1056 367 1075 τοι
387 1044 651 1085 γε’νος-ἕριῖςδεις,
679 1044 733 1076 Dec
753 1045 940 1083 welteaeJerst
951 1045 998 1084 ja
1020 1054 1062 1075 an
1083 1044 1152 1076 dem
1175 1041 1378 1074 Geeclaeleclate
1399 1046 1456 1075 mit
1473 1045 1533 1077 den
1554 1044 1683 1086 Satyra.

200 1116 243 1147 V.
263 1117 313 1148 23.
357 1114 390 1151 ὗς
409 1118 470 1148 ποκ’
492 1119 666 1150 Ἀθαναίαν
686 1119 742 1160 ἔριν
762 1117 861 1159 ἤρισεν.

198 1177 276 1209 Sus
299 1176 401 1208 olim
423 1189 512 1210 cum
536 1179 730 1212 Minerva
750 1186 967 1212 certamen
989 1180 1106 1211 iniit.
1148 1178 1362 1211 Proverbium
1384 1186 1447 1220 est,
1471 1181 1557 1223 quod
1579 1179 1765 1216 illustravit

113 1233 271 1265 Erasmus
293 1235 327 1264 in
347 1233 452 1277 Adag.
476 1235 502 1267 I.
525 1238 553 1269 1.
574 1239 625 1270 41.
647 1248 680 1279 p.
700 1238 752 1271 38.
776 1236 939 1268 Voculam
957 1237 1020 1269 ποκ’
1043 1236 1189 1279 praebent
1207 1238 1378 1268 duodecim
1395 1238 1535 1269 codices.
1561 1237 1765 1281 Quapropter

113 1291 244 1329 nescio,
275 1301 332 1322 cur
363 1290 509 1323 Lobeck.
543 1292 707 1335 paralipp.
737 1304 769 1335 p.
799 1295 871 1326 506.
903 1292 1075 1334 vulgatum
1097 1293 1158 1325 ποτ’
1182 1293 1373 1332 retinuerit,
1406 1304 1503 1332 quum
1523 1294 1687 1328 Ἀθαναῶιν
1707 1296 1764 1339 ἔριν

111 1346 206 1388 ἐρίζειν
229 1348 304 1378 usui
328 1349 373 1379 sit
395 1351 678 1382 accommodatum.
689 1369 732 1375 —·
752 1350 833 1381 Post
856 1361 988 1381 versum
1010 1350 1203 1382 vicesimum
1224 1357 1373 1390 quartum
1395 1361 1494 1382 unum
1517 1362 1648 1384 versum
1670 1354 1763 1386 exci-

113 1402 205 1433 disse
227 1410 318 1441 putat
340 1404 522 1436 Wuestem.
544 1414 677 1447 propter
695 1406 899 1445 stropharum
920 1407 1172 1438 concinnitatem
1190 1407 1311 1449 ubique
1331 1408 1547 1447 observatam,
1572 1416 1684 1441 contra
1702 1409 1764 1443 hoc

114 1457 187 1489 loco
210 1459 377 1491 violatam.
421 1460 508 1492 Mihi
532 1473 628 1493 secus
651 1463 794 1494 videtur.
839 1462 967 1494 Versus
989 1464 1031 1495 23
1052 1470 1084 1494 et
1106 1465 1148 1495 24
1170 1464 1309 1502 oppositi
1330 1467 1408 1494 sunt
1428 1464 1581 1496 versibus
1601 1466 1640 1498 21
1659 1471 1692 1498 et
1704 1470 1764 1506 22,-

112 1515 173 1545 sed
196 1515 236 1546 nd
258 1526 390 1547 versum
410 1519 452 1549 20
471 1518 555 1549 nihil
575 1520 749 1558 respondet
768 1520 933 1559 Comatas,
957 1522 1034 1562 quia
1051 1520 1136 1552 nihil
1158 1521 1351 1562 responderi
1371 1532 1470 1562 posse
1482 1522 1624 1553 videtur.
1649 1523 1762 1564 Neque

114 1572 343 1602 concinnitatis
367 1572 424 1603 lex
448 1585 507 1614 per
527 1578 631 1606 totum
653 1586 793 1615 carmen,
815 1583 852 1607 ut
873 1576 1056 1607 VVuestem.
1079 1578 1206 1615 statuit,
1230 1576 1404 1607 observata
1420 1585 1490 1613 est3
1512 1589 1587 1609 nam
1596 1582 1763 1614 v.45--49

115 1624 266 1658 Comatas
289 1629 430 1669 quinque
452 1640 569 1661 versus
592 1634 725 1672 opponit
747 1632 876 1663 duobus
899 1633 1053 1665 versibus
1076 1635 1130 1675 (43
1150 1637 1184 1664 et
1205 1633 1269 1674 44.)
1292 1634 1446 1665 Laconis.

198 1700 242 1731 V·
263 1702 314 1733 25.
355 1701 405 1734 καὶ
424 1706 494 1740 πῶς,
517 1701 541 1735 ὦ
560 1707 677 1741 muesz,
698 1705 766 1736 τάδε
785 1706 807 1746 y'
831 1706 941 1739 ἔσσεται
959 1709 991 1746 ἐξ
1012 1707 1073 1740 ἴσον
1092 1707 1197 1748 ἄμμινς

195 1762 308 1794 Verba
329 1766 487 1797 ironicum
511 1777 642 1798 sensum
663 1767 784 1800 habere
806 1770 975 1802 adnotavit
996 1770 1179 1803 questem.
1221 1771 1308 1803 Mihi
1327 1771 1454 1804 videtur
1471 1779 1582 1812 pastor
1602 1774 1761 1816 simplici-

115 1826 166 1851 ter
188 1820 308 1861 dicere,
332 1833 396 1853 non
418 1832 540 1862 aequam
562 1825 633 1856 fore
655 1826 889 1866 condicionem,
913 1840 976 1870 qua
1000 1832 1156 1861 certaturi
1178 1836 1300 1861 essent.
1332 1829 1414 1861 Nam
1443 1832 1477 1860 in
1501 1833 1760 1875 interrogatione

117 1876 198 1908 latet
225 1878 277 1908 vis
300 1881 471 1920 negativa,
503 1892 607 1921 neque
629 1893 707 1913 vero
730 1884 846 1914 ironia:
891 1884 942 1915 Ita
974 1885 1082 1917 locum
1112 1891 1198 1918 recte
1222 1886 1393 1918 intellexit
1424 1887 1643 1928 Scholiastes,
1667 1891 1758 1930 cujus

117 1931 299 1973 explicatio
330 1934 453 1972 ἀναιδῶς
478 1939 632 1969 convenit
659 1940 758 1969 etiam
787 1939 887 1970 verbo
916 1945 1032 1973 κιναδεῦ.
1075 1943 1234 1982 Equidem
1263 1943 1429 1983 suspicor,
1469 1943 1760 1977 Wuestemannum

117 1988 296 2021 ironice
320 1993 441 2033 saepius
471 2004 509 2024 eo
531 2004 632 2026 sensu
655 1997 840 2037 accepisse,
864 2002 900 2027 ut
922 1998 967 2028 sit
987 2004 1190 2039 σαρκαστικῶς.
1235 2000 1352 2031 Pastor
1373 2007 1409 2032 ut
1431 2003 1575 2041 iniquam
1598 2002 1760 2033 condicio-

64 2060 69 2064 .
118 2045 192 2066 nem
221 2040 326 2080 magis
359 2042 528 2082 ostendat,
557 2053 618 2074 suo
649 2054 738 2076 more
773 2046 882 2077 statim
914 2046 1065 2088 adjungit
1088 2048 1152 2078 duo
1173 2048 1364 2090 proverbia,
1405 2051 1446 2082 de
1476 2051 1594 2094 quibus
1615 2050 1761 2091 loquitur

118 2091 275 2125 Erasmus
297 2096 404 2140 Adag.
425 2097 452 2138 1,
474 2101 505 2132 8.
526 2101 576 2133 73.
602 2111 633 2139 p.
656 2103 728 2134 284.

1500 2164 1525 2204 5
