1872 2345
130 145 169 187 2)
211 144 258 177 Id.
282 144 362 185 VII,
382 145 404 177 4
405 166 906 178 ...........
947 143 976 175 εἷ’
990 144 1022 176 τί
1037 156 1089 186 περ
1109 144 1215 177 ε’σθλὸν

433 206 512 244 mdiv
532 205 590 234 τῶν
610 202 768 239 ἕπάνωθεν,
790 201 848 234 ἀπὸ
868 201 996 237 Κλυτιάς
1016 214 1047 233 τε
1067 201 1115 234 καὶ
1137 204 1236 234 αὐτῶ

435 260 603 298 Χάλκωνος,

213 316 395 348 Pronomen
416 317 495 348 αὐτῶ
527 317 659 355 „illo‚
686 316 791 347 nobili
821 326 866 346 sc.
888 316 971 346 viro.
1016 315 1071 346 Sic
1093 316 1179 351 αὐτός
1201 322 1234 346 et
1256 316 1355 352 ἐκεῖνος
1377 316 1463 347 haud
1487 327 1560 347 raro
1583 320 1785 358 ponunturf‘

134 372 317 405 Wuestem.
361 374 426 404 Sed
446 375 515 414 jam
540 374 675 412 sufficit,
698 380 733 403 ut
755 374 883 413 opinor,
907 373 1041 413 propria
1063 373 1264 413 significatio
1288 375 1397 412 ipso.
1440 373 1512 403 Hoc
1535 379 1642 403 autem
1665 385 1785 415 prono-

133 440 206 461 men
234 431 401 462 addidisse
432 432 561 461 videtur
589 435 685 470 poeta
713 436 908 470 propterea,
944 429 1028 467 quod
1053 427 1177 459 Chalco
1202 428 1296 459 homo
1317 431 1381 461 snit
1408 430 1591 472 aequalibus
1616 430 1787 462 Theocriti

132 488 339 518 notissimus.
384 487 610 528 Distinguitur
631 487 735 526 igitur
753 486 793 516 ab
818 487 861 517 iis
886 487 941 527 qui
964 487 1177 516 communiter
1198 485 1264 528 χᾳοὶ
1285 487 1312 518 οἱ
1331 487 1480 519 ἐπάνω-ἠν
1502 493 1671 520 vocantur.

131 543 170 583 3]
214 543 264 575 Id.
288 544 368 584 VII,
390 547 440 577 69.
484 542 531 575 καὶ
551 544 650 583 πίομαι
670 546 807 583 μαλακῶς
827 543 998 584 μεμναμένος
1016 542 1213 583 Ἀγεάνακτος

487 601 656 632 αὐταῖσιν
677 600 814 633 κυλίκεσσι
834 599 882 632 καὶ
903 601 931 636 ἐς
951 600 1039 641 τρύγα
1059 602 1151 641 χεῖλος
1168 599 1284 641 ἐρείδων.

218 658 272 689 Fr.
305 658 436 690 Jacobs.
467 660 502 688 in
527 657 779 688 iVnestemanni
809 659 955 689 editione
984 659 1166 696 pronomini
1189 658 1274 693 αὐτός
1297 656 1378 689 hanc
1400 657 1516 688 tribuit
1538 659 1605 690 vim
1626 665 1686 699 „ut
1709 669 1786 691 ocu-

136 714 188 745 los
210 717 415 757 animumque
436 722 604 746 convertat
630 716 664 745 in
690 726 770 754 rem,
795 717 848 745 cui
869 716 1015 745 additum
1038 726 1225 756 pronomen,
1248 721 1279 746 et
1301 722 1337 745 ιιι
1361 721 1475 746 tectam
1496 717 1655 754 quandam
1673 717 1787 747 innuat

136 773 352 804 antithesin.“
384 773 503 803 Fateor
527 784 588 814 ego
610 783 661 803 me
680 783 744 802 non
763 773 858 811 plane
881 772 1072 813 intelligere
1093 772 1175 803 hanc
1199 773 1368 802 rationem.
1406 773 1561 803 Fortasse
1584 775 1689 814 magis
1711 784 1787 813 per-

136 830 249 867 spicua
272 832 356 861 ratio
376 830 444 860 haec
464 836 525 860 est.
548 830 729 860 Pronomen
750 830 836 865 αὐτό,-
854 839 940 870 saepe
961 830 1001 860 de
1021 840 1059 860 eo
1079 831 1221 869 ponitur,
1243 831 1297 868 qui
1316 829 1408 860 solus
1428 836 1488 867 est,
1512 831 1567 871 qui
1586 829 1671 860 nihil
1688 828 1787 860 habet

136 888 293 928 adjuncti.
320 887 415 924 Quod
439 888 599 928 quadrare
622 887 754 916 videtur
777 888 810 916 in
833 886 1003 916 Theocriti
1026 886 1137 925 verba,
1161 897 1230 925 quae
1242 893 1309 916 tum
1321 886 1402 917 hanc
1413 886 1557 924 praebent
1575 888 1786 917 sententiam:

138 944 369 975 exhaustis
394 945 522 973 etiam
546 942 744 973 faecibus
768 941 932 972 labium
955 943 1142 984 infigam
1172 944 1283 982 ipsis
1306 942 1548 981 calicibus,
1567 944 1590 973 i.
1616 954 1645 973 e.
1669 941 1787 973 solis

137 1000 376 1039 calicibus,
410 1006 452 1031 ut
482 1000 598 1031 nihil
618 999 742 1039 plane
776 1001 984 1039 supersit.
1027 1000 1101 1032 Non
1126 1012 1260 1042 prorsus
1285 1000 1460 1032 dissimilis
1482 1000 1576 1031 locus
1599 1007 1649 1031 est
1670 1000 1788 1039 XXV,

135 1062 227 1098 277„
250 1059 307 1089 ubi
331 1057 494 1088 Hercules
519 1059 690 1088 constituit
712 1058 808 1092 αὐτοῖς
828 1058 915 1098 δέρμα
936 1058 1047 1093 λέοντος
1067 1058 1223 1098 ἀνασχίζειν
1244 1058 1394 1098 ὀνύχεσσιν.
1430 1057 1495 1087 Sed
1518 1063 1723 1089 transeamus
1745 1059 1789 1089 ad.

137 1116 240 1147 alium
258 1114 378 1146 locum.

137 1177 176 1214 4)
219 1173 267 1205 Id.
290 1172 339 1211 X,
363 1174 412 1204 19.
453 1171 620 1212 μωμᾶσθαί
635 1172 740 1214 μἰὶρχῇ
760 1171 801 1204 τύ·
822 1171 927 1214 τυφλὸς
947 1172 1026 1205 δὀὐκ
1048 1171 1134 1208 αὐτὸς
1155 1172 1170 1205 ὁ
1192 1173 1333 1210 Πλοῦτος,

461 1230 534 1261 ἀλλὰ
555 1228 602 1261 καὶ
625 1229 815 1271 ὠφρόντιστος
838 1230 941 1272 ’Ἔρως
961 1230 1045 1271 μηδὲν
1064 1231 1134 1271 μέγα
1154 1232 1254 1270 μυθεῦ.

218 1286 313 1318 Hanc
341 1285 510 1327 vulgatam
542 1288 737 1327 scripturam
768 1289 916 1318 servavit
946 1287 1156 1326 Meinekius‚
1190 1286 1249 1317 sed
1279 1296 1342 1328 quo
1373 1295 1473 1316 sensu
1504 1284 1605 1316 verba
1627 1288 1787 1326 acceperit

140 1349 341 1388 ignoramus,
361 1354 457 1382 quum
481 1343 566 1374 nihil
586 1345 629 1374 sit
649 1345 847 1375 adnotatum.
873 1344 1056 1375 Vl'uestem.
1073 1346 1119 1374 ita
1137 1350 1386 1375 commentatur:
1411 1342 1521 1381 „cu’abg
1537 1353 1595 1383 pro
1611 1344 1696 1383 μόνος
1713 1346 1790 1382 poni

139 1406 221 1436 satis
245 1403 375 1435 tritum
399 1400 580 1431 notabilius
602 1412 693 1440 vero,
713 1402 763 1432 οὐκ
785 1401 872 1436 αὐτὸς
890 1401 942 1431 hic
966 1402 1043 1439 dici,
1067 1400 1124 1431 ubi
1147 1399 1366 1441 exspectabas
1387 1400 1419 1430 οὐ
1439 1400 1555 1440 μόνον.“
1578 1399 1703 1431 Verum
1721 1400 1789 1432 hace

139 1460 328 1492 observatio
351 1457 476 1498 legenti
500 1468 563 1487 non
587 1458 769 1496 satisfacit,
793 1459 870 1499 quia
889 1458 1027 1489 multum
1049 1459 1205 1495 interest,
1235 1460 1341 1487 utrum
1362 1457 1448 1492 αὐτός
1469 1468 1508 1487 an
1530 1457 1616 1497 μόνος
1636 1465 1788 1498 ponatur.

138 1518 223 1549 Nam
244 1514 329 1548 αὐτός
351 1515 440 1551 ipse
464 1515 635 1554 significat
655 1514 798 1555 aliquem
819 1516 866 1544 ita
885 1514 1004 1552 solum,
1027 1521 1063 1544 ιιι
1082 1515 1304 1554 distinguatur
1324 1524 1342 1543 a
1364 1514 1492 1544 caeteris
1520 1513 1631 1551 rebus,
1654 1524 1725 1555 quae
1749 1515 1789 1545 ad

139 1583 214 1607 eum
244 1571 420 1612 pertinent.
464 1569 514 1601 Ita
544 1572 577 1616 in
602 1570 743 1601 formula
764 1571 848 1610 apud
879 1570 1008 1603 Atticos
1033 1572 1252 1602 usitatissima
1273 1569 1353 1602 αὐτοὶ
1374 1570 1427 1612 γάρ
1448 1571 1527 1611 ἐσμεν
1552 1580 1694 1601 sumus
1723 1570 1789 1603 hic

138 1631 236 1670 ipsi,
262 1627 320 1657 sed
343 1637 406 1656 non
427 1628 546 1665 caeteri,
570 1630 623 1666 qui
647 1628 686 1658 ad
707 1638 766 1658 nos
789 1629 967 1668 pertinent,
992 1629 1023 1659 h.
1048 1640 1076 1659 e.
1098 1639 1210 1659 sumus
1228 1628 1281 1658 hic
1297 1628 1363 1658 soli
1385 1629 1457 1665 (wir
1482 1628 1556 1658 sind
1576 1638 1610 1658 so
1626 1633 1716 1659 meter
1733 1638 1790 1659 um

139 1686 260 1726 allelu),
283 1692 345 1722 qua
367 1682 508 1713 formula
533 1689 678 1724 utuntur,
702 1685 757 1726 qui
779 1695 815 1715 se
838 1683 976 1716 liberius
1001 1685 1050 1716 uti
1073 1686 1159 1716 inter
1180 1686 1300 1716 amicos
1325 1690 1356 1715 et
1377 1683 1557 1714 familiares
1580 1683 1671 1726 loqui
1690 1694 1789 1724 posse

139 1745 295 1776 indicant.
317 1739 356 1780 ἦ)
381 1738 503 1772 Contra
524 1742 609 1782 μόνος
629 1743 803 1783 distinguit
827 1741 970 1784 aliquem
993 1742 1034 1774 ab
1056 1754 1115 1783 eo,
1147 1753 1285 1786 quocum
1309 1739 1393 1773 nihil
1419 1741 1517 1772 habet
1537 1744 1789 1775 counnunitatis.

137 1801 220 1833 Inde
243 1799 453 1839 dijudicanda
476 1806 552 1829 sunt
573 1798 725 1837 exempla
747 1796 961 1832 Theocritea:
987 1799 1028 1840 Π,
1047 1804 1098 1834 89.
1120 1798 1182 1839 IV,
1205 1803 1253 1833 15.
1276 1797 1320 1838 V,
1339 1801 1390 1831 85.
1414 1797 1546 1837 XVHI,
1568 1801 1616 1832 12.
1638 1799 1739 1839 XXI,
1758 1803 1788 1833 2.

141 1856 214 1899 (ubi
235 1855 309 1887 αὐτὰ
331 1862 381 1886 est
403 1857 510 1897 ipsa,
535 1867 598 1886 non
622 1854 756 1894 „sola‚“
787 1862 822 1886 ut
845 1858 877 1886 in
900 1856 1014 1889 latinis
1037 1857 1120 1897 apud
1142 1857 1270 1888 Kiessl.
1295 1856 1442 1897 legitur).
1465 1854 1583 1894 XXV,
1607 1858 1677 1889 181.
1708 1856 1791 1893 Quae

140 1924 239 1954 quum
270 1914 317 1943 ita
349 1913 432 1951 sint,
464 1917 601 1954 apparet
628 1912 729 1944 verba
758 1913 807 1943 οὐκ
829 1913 915 1948 αὐτός
936 1913 969 1944 h.
992 1914 1016 1945 l.
1046 1924 1109 1944 non
1135 1913 1325 1955 significare
1350 1913 1382 1944 οὗ
1401 1916 1510 1953 μοῦνος,
1537 1922 1632 1954 quam
1654 1913 1790 1945 formam

139 1977 236 2011 poeta
256 1969 350 2000 salvo
370 1972 470 2000 metro
490 1978 611 2008 ponere
631 1970 806 2011 potuisset.
830 1969 942 2009 ltaque
962 1970 1028 2001 alia
1048 1971 1132 2001 ratio
1153 1970 1326 2012 quaerenda
1345 1975 1406 2000 est.
1426 1969 1633 2000 Hermannus
1652 1968 1789 2009 (Opusc.

140 2027 187 2067 V,
203 2039 234 2066 p.
252 2027 319 2066 89.)
340 2029 507 2067 proponit:
530 2026 697 2067 μωμᾶσθαί
712 2025 816 2066 μ’ἀρχῇ
837 2027 879 2057 τύ·
900 2027 1005 2068 τυφλὸς
1025 2028 1080 2059 δἐἰ
1098 2027 1204 2062 καύτὸς
1225 2027 1241 2058 ὁ
1262 2029 1402 2063 Πλοῦτος,
1425 2026 1499 2058 ἀλλὰ
1521 2028 1578 2057 κτλ.
1601 2026 1711 2057 addita
1734 2026 1794 2058 hac

173 2137 200 2168 ”)
235 2135 273 2163 cf.
292 2143 361 2170 quos
377 2136 504 2163 laudavit
521 2137 689 2171 interpretes
706 2136 884 2163 Hermannun
901 2137 1003 2170 Opuc.
1022 2134 1043 2169 1,
1061 2142 1089 2170 p.
1106 2135 1167 2164 ³14·
1184 2138 1213 2163 et
1230 2135 1260 2162 in
1277 2136 1376 2171 Vigor.
1395 2144 1423 2171 p.
1442 2135 1502 2164 753.
1521 2134 1565 2161 ed.
1582 2134 1631 2162 lv.
