1872 2345
98 147 196 187 atque
221 154 331 175 secum
350 144 423 185 ipse
445 143 593 186 loquitur
615 135 767 173 faustum'
782 149 876 171 omen
899 149 1084 178 exponens.
1111 138 1204 176 Quod
1226 146 1425 171 {rt-sumam·
1444 138 1504 171 ha's
1528 139 1631 173 habeo
1653 137 1751 175 caus:

97 213 164 234 sas.
209 201 352 234 Primum
381 213 439 241 per
467 207 569 232 totam
592 196 788 231 cantilenam
810 206 1027 240 praegressam
1049 197 1150 227 utitur
1173 198 1338 239 caprarius
1362 197 1467 229 altera
1490 208 1647 239 persona,
1682 212 1747 244 qua

96 261 200 298 ipsam
218 258 364 299 puellam
383 259 583 298 alloquitur3
605 261 638 285 at
657 254 717 284 hoc
734 253 807 284 loco
818 255 897 284 dicit
913 255 1003 285 αὐῑάν
1022 265 1039 284 e
1051 264 1109 284 am
1125 261 1155 284 et
1170 255 1284 290 ποτίδοι,
1303 254 1370 293 ubi,
1391 256 1420 286 si
1438 255 1539 286 verba
1555 257 1597 287 ad
1614 265 1743 289 cantum

94 316 320 358 pertinerent,
341 323 517 354 pronomen
547 311 582 344 σε’
602 317 634 342 et
663 309 786 346 ποτίδοις
808 314 1085 349 exspectaremus.
1131 309 1204 340 Huc
1227 310 1368 349 accedit,
1396 312 1481 350 quod
1502 312 1533 343 h.
1557 312 1579 343 l.
1601 313 1747 352 puellam

94 373 145 405 οὐκ
166 373 358 412 ἀδαμαντίναν
378 372 480 409 dicit,
509 380 606 408 quum
638 375 733 400 antea
758 371 805 408 (v.
829 370 877 400 15.
903 370 950 401 16.
973 369 1036 409 18.)
1061 379 1130 398 eam
1156 368 1364 398 durissimam
1386 376 1479 408 atque
1503 370 1583 401 adeo
1608 381 1746 401 saxeam

95 430 231 461 dixerit.
274 427 331 466 At,
356 428 482 468 inquiat
504 426 638 468 aliquis,
661 426 755 457 αὖτάιν
776 425 946 466 significat
965 428 1158 462 amatam,
1189 425 1396 455 dominam
1419 426 1524 465 (quam
1546 428 1743 466 explicatio-

94 497 168 517 nem
197 484 325 516 Kiessl.
357 490 389 515 et
418 483 600 515 VVuestem.
624 484 837 525 proponunt),
870 489 937 513 tum
965 481 1066 513 verba
1094 482 1144 513 οὐκ
1166 482 1344 522 ἀδαμαντίνα
1365 482 1425 514 ἐντί
1447 482 1533 513 dicta
1563 491 1636 514 sunt
1658 495 1742 516 nunc

93 549 216 574 mutato
239 542 377 580 caprarii
396 543 522 579 animo,
556 542 654 588 sicuti
677 541 761 571 ferat
784 542 953 582 ingenium
973 541 1168 578 amantium,
1192 546 1227 570 ut
1249 540 1393 578 puellam
1416 539 1601 571 faciliorem
1624 541 1743 573 habeat

95 607 129 631 et
152 599 346 631 molliorem.
394 597 514 629 Verum
536 598 621 628 enim
644 608 722 628 vero
744 598 921 636 posteriori
944 598 1071 628 ratione
1092 597 1304 628 manifestum
1327 600 1380 628 est
1402 598 1468 627 vim
1492 599 1653 639 poeticam
1676 610 1744 629 car-

92 658 190 688 minis
214 656 390 687 debilitari.
425 655 541 686 Pastor
562 655 648 685 enim
669 658 840 695 postquam
862 665 880 685 a
903 654 1086 686 levioribus
1110 656 1310 696 argumentis
1335 655 1382 695 (in
1401 665 1465 696 qua
1483 666 1518 686 re
1540 658 1744 696 praestantis-

94 714 211 744 simum
241 720 343 751 poetae
376 713 543 752 ingenium
565 710 685 750 elucet)
710 721 905 751 progressus
926 717 977 741 est
1000 711 1041 741 ad
1063 711 1200 742 fortiora
1224 719 1256 742 et
1279 713 1452 753 graviora,
1493 719 1665 752 postquam
1688 714 1743 744 vel

92 771 128 801 in
148 770 267 802 fluctus
290 771 432 800 marinos
457 779 492 799 se
516 770 743 798 immersurum
767 778 841 799 esse
864 768 1006 798 minatus
1030 773 1100 805 est,
1123 771 1291 806 postquam
1313 770 1418 810 igitur
1439 767 1524 799 nihil
1546 769 1742 801 intentatum

92 826 240 868 reliquit,
264 832 299 857 ut
318 825 462 864 puellam
483 825 522 854 ad
540 830 742 863 prospectum
766 827 992 865 permoveret,
1016 824 1106 853 addit
1129 825 1268 863 denique
1293 826 1512 865 (excitaturus
1535 826 1741 867 zelotypiam,

94 895 270 917 nervosum
298 883 444 923 profecto
470 882 554 922 apud
585 883 667 912 istas
688 880 817 920 puellas
850 882 1127 923 argumentum!)‚
1170 892 1206 911 se
1238 889 1419 912 amaturum
1440 893 1516 913 esse
1538 882 1741 915 Mermnonis

92 943 338 979 mercenariam,
363 952 441 982 ergo
464 940 608 982 puellam
629 939 801 969 viiissimae
825 940 1037 969 condicionis.
1069 939 1133 970 Hic
1154 947 1262 970 autem
1286 940 1385 971 finem
1411 942 1530 979 imponi
1555 942 1741 981 cantilenae,

91 1005 128 1030 ut
146 1005 260 1041 pastor
283 1009 333 1037 ea,
358 1008 427 1037 quae
448 1009 479 1029 v.
502 998 635 1029 37—39.
659 999 848 1035 sequuntur,
871 996 1003 1026 sibimet
1026 997 1092 1037 ipsi
1116 1003 1276 1035 exponat,
1316 1007 1388 1027 meo
1408 999 1537 1036 quidem
1562 1009 1662 1029 sensu
1685 1010 1741 1030 ne-

89 1066 183 1087 cesse
206 1059 267 1086 est.
313 1055 378 1086 Sed
409 1056 557 1097 quamvis
592 1056 642 1095 (ut
665 1065 704 1085 ea
727 1064 798 1092 quae
821 1060 1002 1095 sequuntur
1025 1054 1223 1094 spectemus)
1248 1055 1357 1084 onmia
1387 1056 1527 1093 caprarii
1549 1064 1740 1097 argumenta

90 1114 296 1144 excidissent
318 1118 450 1149 eventu,
473 1122 537 1141 non
558 1118 664 1141 tamen
687 1111 815 1141 excidit
837 1112 944 1140 animo
969 1121 1057 1148 spes,
1080 1111 1189 1140 fausto
1213 1112 1320 1141 omine
1347 1112 1451 1142 denuo
1473 1115 1625 1143 excitata.
1651 1112 1740 1149 Qua-

92 1176 226 1211 propter
248 1169 346 1200 simul
374 1168 414 1199 ad
432 1167 694 1205 tranquilliorem
714 1168 814 1197 animi
836 1170 956 1197 statum
984 1167 1133 1197 redactus
1166 1174 1364 1208 auguratur,
1401 1179 1437 1199 se
1466 1175 1639 1200 venturum
1664 1181 1740 1201 esse

90 1229 125 1259 in
148 1233 357 1268 conspectum
387 1224 528 1264 puellae,
559 1228 655 1266 atque
686 1224 727 1254 ad
755 1224 867 1265 pinum
898 1231 1110 1255 cantaturum.
1155 1217 1257 1255 Hanc'
1277 1231 1385 1255 autem
1410 1224 1619 1264 cantilenam,
1643 1237 1737 1268 quam

89 1285 131 1315 ad
151 1285 261 1323 pinum
294 1283 465 1313 decantare
486 1288 648 1320 pastorem
669 1280 770 1312 finxit
790 1288 903 1322 poeta,
945 1282 1018 1312 inde
1041 1292 1061 1312 a
1083 1292 1182 1312 versu
1202 1284 1252 1314 41.
1274 1281 1421 1312 inchoari
1444 1286 1540 1324 atque
1562 1294 1660 1313 versu
1684 1286 1735 1316 51.

89 1341 257 1380 abrumpi,
293 1347 380 1371 recte
412 1339 627 1371 observarunt
659 1337 825 1370 Greverus
849 1345 881 1370 et
904 1338 1193 1371 Wuestemannus.
1239 1339 1276 1370 In
1299 1339 1402 1371 altero
1425 1346 1626 1381 argumento,
1651 1341 1737 1379 quod

90 1398 257 1439 significet
288 1397 378 1427 αὐτάν
407 1400 591 1435 „amatam‚
622 1397 828 1434 dominam“,
850 1406 923 1426 mea
947 1397 1078 1437 quidem
1110 1399 1272 1427 sententia
1303 1405 1466 1438 sumptum
1489 1404 1540 1427 est
1563 1408 1621 1437 pro
1644 1408 1735 1436 vero,

89 1455 174 1497 quod
200 1465 263 1485 non
293 1461 342 1485 est
366 1454 586 1495 exploratum.
632 1452 772 1484 Omnino
794 1452 887 1484 illam
909 1452 1190 1492 observationem,
1224 1465 1317 1496 quam
1348 1453 1508 1492 exemplis
1535 1453 1736 1485 illustratam

88 1513 211 1550 primus
232 1512 397 1550 proposuit
411 1510 623 1540 casaubonus
647 1512 680 1540 in
700 1510 865 1548 Theophr.
890 1509 1040 1541 Charact.
1063 1522 1089 1541 c.
1111 1513 1140 1542 2.
1164 1522 1194 1549 p.
1215 1512 1266 1543 34.
1289 1512 1339 1541 ed.
1357 1511 1517 1550 Fischer„
1541 1513 1734 1549 interpretes

88 1574 235 1599 veterum
268 1569 461 1605 scriptorum
490 1576 574 1605 soepe
605 1569 806 1604 repetierunt
829 1568 863 1597 in
884 1566 1028 1608 singulis
1049 1567 1132 1598 locis
1155 1574 1272 1605 praeter
1293 1569 1534 1598 necessitatem.

173 1656 283 1694 Quum
306 1661 412 1688 autem
434 1655 534 1688 semel
561 1656 730 1686 inciderim
753 1657 788 1687 in
811 1656 898 1688 illud
920 1667 1116 1699 pronomen,
1142 1659 1253 1689 statim
1276 1657 1337 1689 hoc
1359 1657 1432 1689 loco
1457 1656 1518 1688 sub
1538 1667 1637 1687 unum
1660 1668 1735 1688 con-

87 1720 231 1754 spectum
264 1714 459 1744 enumerabo
490 1712 643 1752 exempla
665 1712 881 1752 Theocritea,
921 1715 955 1743 in
976 1714 1093 1752 quibus
1119 1714 1326 1752 explicandis
1359 1724 1592 1755 pronomen
1623 1714 1736 1748 αὐτὸς

85 1781 149 1803 non
180 1771 263 1802 satis
296 1776 383 1801 recte
416 1769 618 1801 intellectum
645 1779 720 1800 esse
742 1769 824 1801 mihi
844 1770 976 1813 quidem
999 1770 1141 1801 videtur.
1187 1771 1348 1803 Similiter
1367 1777 1462 1813 atque
1483 1771 1518 1800 in
1541 1769 1653 1801 verbis
1677 1768 1735 1811 ιῖιμι

84 1829 196 1871 γ’ἱδησῶ
217 1828 308 1859 αὐτάν
328 1827 568 1858 intellexerunt
593 1837 786 1866 pronomen:

85 1896 122 1937 1)
164 1893 211 1926 Id.
236 1892 296 1933 lV,
319 1894 349 1925 5.
393 1892 479 1929 αὐτὸς
499 1892 559 1929 ‹5⁹³2-
578 1893 626 1925 τίν’
650 1892 778 1935 ἄφαντος
798 1892 814 1924 ὁ
834 1892 960 1935 βωκόλος
980 1892 1067 1936 ᾤχετο
1088 1893 1201 1935 χώραν,·

169 1952 233 1983 Sed
257 1950 343 1986 αὐτὸς
363 1957 412 1981 est
438 1951 630 1990 simpliciter
650 1953 757 1993 ipse,
777 1952 959 1992 praesertim
979 1962 1051 1982 cum
1071 1956 1225 1991 sequatur
1246 1952 1261 1984 ὁ
1282 1950 1413 1993 βωκόλος.
1435 1949 1542 1990 Atque
1563 1961 1693 1992 oppos
1707 1952 1733 1981 i-

84 2010 146 2040 tio
159 2010 228 2040 nis
252 2010 354 2047 notio,
380 2017 449 2045 quae
473 2009 505 2037 in
529 2010 717 2049 pronomine
739 2008 825 2043 αὐτὸς
846 2019 972 2046 semper
991 2010 1063 2039 sive
1083 2016 1194 2050 aperte
1212 2009 1353 2039 indicata
1369 2010 1441 2039 sive
1462 2010 1581 2039 tectius
1598 2007 1732 2038 abscon-

84 2065 153 2095 dita
175 2065 275 2103 latet,
302 2067 399 2095 etiam
423 2064 499 2094 huic
519 2064 592 2095 loco
615 2072 666 2096 est
688 2066 946 2101 accommodata3
968 2076 1041 2096 nam
1062 2067 1158 2106 ipse
1182 2065 1405 2098 bubulcus
1429 2066 1601 2107 opponitur
1622 2066 1734 2103 seni,

86 2122 181 2163 cujus
205 2123 328 2153 mentio
351 2121 389 2154 fit
410 2123 444 2153 in
467 2132 566 2154 versu
588 2123 741 2163 proxime
760 2131 957 2165 praegresso.
999 2122 1101 2154 Porro
