1872 2345
833 48 1080 88 ...ρί-

125 138 238 179 Neque
269 140 376 181 magis
406 139 606 172 admittenda
636 142 687 171 est
703 139 740 170 in
758 137 807 170 Id.
830 137 903 178 IX,
936 139 985 171 27.
1010 137 1142 179 ellipsis
1163 137 1202 174 εἷς
1223 142 1256 170 et
1272 137 1341 181 μέρη
1363 148 1435 170 cum
1458 136 1579 170 Schaef.
1603 138 1635 168 in
1657 135 1773 169 Lamb-

124 196 202 228 Bos.
223 208 253 235 p.
275 197 384 235 683,id
405 198 489 235 quod
511 197 663 238 probavit
688 196 883 234 Wuestem„
908 196 968 226 sed
989 196 1070 226 πέντε
1090 201 1188 235 ταμεῖν
1210 200 1298 226 arcte
1318 197 1492 235 cohaeret,
1527 196 1627 227 sicuti
1649 205 1774 236 germa-

123 254 197 284 nice
228 253 366 284 dicimus
388 253 593 292 Jic'nftheilen.
638 252 824 292 Comparari
846 256 955 294 potest
978 252 1075 283 Hom.
1100 251 1163 283 od.
1184 252 1274 291 XII,
1293 254 1384 292 388„
1411 253 1468 284 nbi
1491 253 1640 293 Juppiter
1664 251 1774 283 fulmi-

125 320 205 341 nans
236 311 332 340 dicit:
362 310 458 341 τυτθὰ
479 327 521 332 -
541 310 679 349 κεάσαιμι,
709 310 793 351 quod
828 310 1005 350 respondet
1029 309 1180 347 populari
1206 313 1320 339 nostro
1346 309 1561 352 kleinspalten‚
1583 317 1776 349 quamquam

124 368 345 408 germanicum
367 365 563 397 vocabulum
585 366 625 397 de
649 366 789 398 findente
811 367 902 409 ligna
924 367 1081 397 usitatius
1107 372 1170 397 est.

206 440 250 470 V.
271 441 323 472 2¹7.
365 438 451 470 καῖκα
472 439 505 480 δὴ
525 440 665 477 ’ποθιίνω,
686 441 748 471 τόδε
767 441 826 480 μάν
845 453 902 472 *leot
923 439 977 471 ἁδὺ
996 440 1132 471 τέτυκται.

209 501 290 533 Haec
321 501 504 544 probabilis
533 502 663 534 videtur
692 502 791 544 hujus
823 502 889 533 loci
912 503 1083 541 scriptura.
1126 500 1295 534 Particula
1322 500 1356 545 δὴ
1376 513 1434 543 pro
1455 500 1496 545 μὴ
1516 506 1568 534 est
1587 504 1774 544 conjectura

124 559 260 598 Graefii,
289 561 323 590 in
354 572 449 603 quam
481 561 597 591 incidit
625 562 723 592 ctiam
753 559 942 601 BriggsiuS.
995 560 1112 592 Altera
1143 562 1331 602 conjectura
1366 560 1507 602 Bergkii
1536 563 1708 602 proposita
1740 562 1774 591 in

124 616 377 648 Zimmermanni
397 617 515 648 Diurn.
547 618 741 659 antiquariis
763 618 840 648 anni
864 618 954 649 1837.
977 627 1010 658 Ρ.
1032 619 1105 650 444.
1129 616 1197 649 αἴκα
1218 630 1258 658 πη
1281 619 1330 659 (ut
1353 619 1499 649 omittam
1522 619 1682 648 rationem
1704 618 1775 649 dia-

124 666 224 715 lecti,
254 686 323 715 qua>
345 675 489 714 postulat
516 687 559 706 πα
582 675 682 705 sicuti
707 674 779 714 vll,
805 677 875 707 149.
897 673 956 716 ἆρά
977 675 1010 715 γε’
1026 675 1254 716 noe)proptcrea
1273 675 1481 714 improbanda
1505 676 1656 714 videtur,
1688 677 1775 718 qnod

124 732 218 763 locus
247 731 373 763 «luobus
405 730 557 761 versibus
589 732 740 772 proxime
768 733 961 773 praegressis
994 737 1057 761 tam
1088 731 1224 762 definite
1254 733 1419 763 indicatus
1447 739 1516 771 est,
1549 739 1585 762 ut
1615 733 1774 771 quomodo

124 791 215 821 notio
237 788 413 820 alicubi
435 790 506 819 sive
529 787 789 830 aliquando,
812 788 966 830 aliqua
987 790 1173 827 ratione,
1197 789 1229 820 h.
1253 789 1278 820 1.
1300 790 1476 831 cogitanda
1497 791 1541 821 sit
1564 800 1628 821 non
1650 798 1772 832 pateat.

124 846 224 879 Καῖκα
245 848 269 876 i.
290 857 318 876 e.
339 844 387 877 καὶ
407 844 437 876 εἴ
449 859 493 877 κεν
515 846 556 875 cf.
576 844 693 875 Matth.
717 847 745 882 ξ.
766 848 813 878 10.
836 856 869 886 p.
888 847 951 884 56.‚
973 855 1037 875 non
1057 855 1155 875 vero:
1177 844 1224 876 καὶ
1245 846 1271 877 εἰ
1289 844 1344 883 καὶ,
1367 847 1423 884 qui
1442 857 1533 877 error
1550 853 1601 877 est
1620 846 1773 879 Greveri.

125 903 256 936 Deinde
286 904 341 935 τεῒν
371 913 431 944 pro
460 901 595 944 vulgato
621 901 690 940 τεὸν,
712 903 798 944 quod
828 913 848 933 a
873 901 979 934 Graeci
1003 905 1164 935 sermonis
1196 903 1433 935 consuetudine
1462 904 1608 944 recedit,
1646 907 1774 947 primus

125 962 265 1002 conjecit
288 959 452 992 Greverus
476 959 548 1000 (Kl.
573 959 675 991 Beitr.
694 971 724 1001 p.
744 960 829 1000 46.),
859 966 975 998 postea
998 961 1032 990 in
1060 961 1147 991 idem
1177 961 1295 991 incidit
1321 959 1489 1003 Bergkius
1513 961 1537 992 l.
1560 962 1584 993 l.
1631 963 1697 994 Sed
1719 967 1775 996 τεῒν

123 1028 298 1058 pronomen
316 1016 552 1058 ὀρθοτονούμεων
574 1016 649 1047 huic
670 1016 742 1047 loco
765 1027 829 1047 non
852 1018 934 1048 satis
959 1018 1120 1047 convenit.
1157 1015 1366 1059 Quapropter
1392 1018 1609 1050 verisimilior
1631 1020 1774 1061 videtur,

127 1085 198 1118 quae
221 1076 407 1115 conjectura
429 1073 528 1105 simul
549 1075 680 1113 propius
703 1073 828 1105 accedit
849 1074 890 1105 ad
912 1074 1044 1105 ductum
1066 1073 1262 1113 litterarum,
1282 1087 1339 1106 τεοι
1362 1076 1384 1106 i.
1409 1086 1438 1112 e,
1460 1088 1512 1107 σοι.
1535 1076 1577 1107 cf.
1601 1086 1671 1116 quae
1688 1079 1774 1119 apud

124 1134 284 1165 Maittair.
309 1131 366 1162 Gr.
392 1131 475 1172 ling.
499 1130 576 1162 dial.
597 1141 628 1170 p.
650 1133 721 1164 265.
742 1131 794 1162 ed.
816 1131 925 1162 Sturz.
949 1142 994 1163 ex
1018 1131 1186 1172 Hesychio
1209 1138 1242 1163 et
1270 1131 1428 1174 Apollon.
1458 1133 1650 1166 afferuntur.
1693 1135 1774 1168 Pro·

124 1200 241 1222 nomen
260 1189 323 1221 τόδε
345 1188 482 1227 denique
505 1198 562 1227 pro
586 1188 648 1229 τόγε
668 1188 818 1230 flagitare
840 1189 971 1220 videtur
992 1190 1065 1228 ipsa
1087 1190 1261 1221 sententia.

207 1277 252 1309 V.
274 1279 327 1310 28.
369 1278 454 1318 ’ἔγνων
473 1277 550 1319 πρὰν
571 1276 625 1310 ὅκα
645 1291 696 1318 μευ
716 1278 881 1319 μεμναμένοι
901 1280 928 1311 εἰ
945 1280 1045 1320 φιλέεις
1064 1292 1099 1320 με

367 1334 429 1366 οὐδὲ
448 1334 481 1366 τὸ
502 1335 647 1375 τηλέφιλον
666 1336 889 1376 ποτιμαξάμειυν
908 1337 1093 1377 πλατάγησει·,

366 1391 425 1422 ἀλλ’
449 1391 543 1426 αὔτως
565 1392 669 1423 ἁπαλώ
690 1391 754 1424 ποτὶ
774 1392 880 1433 πάχεος
899 1393 1086 1434 ἐξεμαράνθη.

209 1463 376 1504 Quotquot
405 1466 566 1504 inspicere
589 1464 669 1496 mihi
693 1465 788 1497 licuit
808 1468 1006 1509 interpretes
1025 1466 1213 1508 Theocriti,
1241 1479 1284 1500 ex
1306 1465 1504 1500 difficultate
1528 1466 1627 1509 hujus
1650 1468 1717 1502 loci
1737 1482 1773 1504 se

126 1525 174 1555 ita
195 1522 445 1562 expediverunt‚
468 1529 504 1553 ut
525 1522 611 1553 illud
627 1525 852 1565 ποτιμαξάμενωι
866 1524 921 1556 vel
936 1526 1150 1567 corrigerent,
1173 1526 1228 1558 vel
1246 1527 1403 1558 aoristum
1423 1526 1524 1557 medii
1546 1528 1682 1567 passiva
1704 1530 1774 1572 sig-

125 1581 314 1612 nificatione
343 1581 487 1627 positum
518 1591 593 1610 esse
623 1581 824 1612 adnotarent.
867 1582 913 1613 At
944 1589 1112 1622 utramque
1138 1585 1297 1615 rationem
1321 1585 1402 1615 ferri
1425 1584 1519 1615 nullo
1544 1591 1640 1625 pacto
1662 1596 1772 1626 posse,

125 1638 180 1668 vel
215 1637 335 1668 leviter
374 1637 554 1667 attendenti
584 1640 695 1677 pateat
729 1648 866 1668 necesse
895 1642 956 1669 est.
1015 1640 1098 1670 Loci
1130 1641 1322 1671 emendandi
1349 1644 1484 1671 conatus
1515 1651 1580 1671 non
1608 1649 1659 1673 est
1687 1644 1772 1684 quod

126 1695 249 1724 diutius
279 1703 459 1731 moremur,
490 1694 567 1734 quia
595 1699 714 1733 praeter
746 1697 977 1726 necessitatem
1008 1697 1214 1728 emendatum
1238 1704 1299 1728 est.
1342 1697 1454 1740 Itaque
1477 1699 1586 1729 statim
1607 1709 1708 1737 pauca
1731 1701 1773 1731 de

126 1742 170 1782 iis
198 1750 314 1789 dicam,
338 1751 394 1789 qui
417 1750 500 1789 apud
522 1749 732 1781 Theocritum
756 1761 881 1794 quoque
905 1753 1060 1794 exempla
1081 1756 1250 1787 invenisse
1271 1755 1336 1786 sibi
1356 1757 1423 1786 visi
1447 1762 1534 1793 sunt,
1557 1756 1643 1786 unde
1663 1760 1773 1797 passi-

124 1817 197 1838 vam
225 1806 502 1847 significationem
533 1808 648 1837 aoristi
679 1808 779 1838 medii
806 1808 1076 1841 demonstrarent.
1128 1811 1218 1843 Vide
1247 1823 1328 1854 quos
1351 1814 1441 1843 viros
1464 1813 1577 1843 doctos
1601 1813 1774 1845 attulerint

124 1862 253 1896 Kiessl.
286 1869 318 1894 et
349 1861 534 1896 Wuestem.
566 1865 599 1895 in
622 1863 683 1895 Th.
706 1863 732 1895 I.
755 1867 806 1898 26.
831 1872 862 1897 et
884 1868 1047 1906 posterior
1070 1869 1104 1899 in
1128 1868 1197 1908 111,
1229 1872 1280 1902 ²9.
1304 1868 1421 1908 quibus
1444 1868 1521 1900 addi
1545 1868 1607 1901 alii
1628 1876 1771 1911 possent.

123 1921 168 1957 At
196 1931 308 1952 omnes
338 1921 451 1960 locos,
489 1933 570 1963 quos
601 1924 776 1954 etiamnum
800 1930 831 1954 et
853 1927 1056 1965 grammatici
1078 1926 1105 1966 ²¹)
1129 1933 1161 1957 et
1184 1929 1379 1966 scriptorum
1405 1929 1602 1966 interpretes
1624 1929 1665 1960 ad
1689 1929 1771 1961 hanc

343 1996 426 2003 —-—.·-

156 2039 182 2071 ⁴)
217 2039 255 2066 cf.
273 2039 413 2067 Mntthiae.
432 2041 459 2074 §-
476 2039 537 2071 496,
555 2040 581 2068 5.
600 2049 627 2075 p.
646 2042 722 2070 1107.
741 2050 782 2077 sq.
799 2043 842 2070 ed.
855 2043 900 2069 111.
907 2042 1048 2071 Kuehner.
1056 2044 1107 2071 Gr.
1124 2045 1189 2079 maj.
1209 2046 1236 2078 ξ.
1253 2047 1314 2075 399.
1327 2045 1406 2073 nost.
1427 2047 1455 2081 ξ.
1472 2047 1612 2080 114,;N0t.
1630 2050 1657 2077 3.
1674 2048 1718 2075 ed.
1733 2049 1771 2076 V.

222 2081 337 2107 Rectius
359 2090 432 2107 nunc
453 2082 562 2115 judicat
586 2081 727 2110 Kuehner.
751 2084 781 2110 in
803 2084 852 2111 Gr.
876 2085 906 2110 in
928 2084 1088 2111 scholarum
1104 2094 1185 2112 usum
1208 2088 1387 2114 concinnata.
1411 2089 1438 2121 5.
1460 2089 1521 2121 344,
1542 2091 1570 2117 3.
1586 2090 1628 2115 uic
1653 2089 1771 2116 docens:

223 2119 294 2152 Dae
320 2121 426 2154 Fueur
455 2124 518 2155 und
538 2123 596 2155 der
616 2123 730 2156 Aoriet
748 2125 804 2157 dee
827 2124 983 2158 Medium¹
1004 2125 1103 2158 huben
1123 2130 1230 2160 immer
1251 2139 1310 2161 nur
1332 2130 1487 2171 rffexive
1508 2131 1597 2170 (oder
1617 2133 1773 2165 intranei·-
