1872 2345
798 53 864 66 ..Η
906 35 1059 77 31*m

100 127 219 171 ᾗπειῖςαι
238 127 359 161 vocnt.
384 125 405 160 ἱ.
429 140 457 160 e.
500 123 590 160 Hoc·
611 132 778 171 quoque
801 125 912 158 Milo
945 126 1065 167 lupis
1088 133 1179 157 mox
1202 127 1471 166 persuadeto
1495 124 1654 156 rabire.
1696 124 1763 158 Ubi

98 190 175 230 quis
198 189 339 218 animum·
363 187 487 217 inducit
508 187 549 217 ad
571 196 639 216 rem
663 184 908 224 stultissimam,
932 195 1027 226 quam
1051 193 1114 214 non
1139 186 1386 226 aggrederetur,
1409 185 1477 215 nisi
1497 185 1646 215 insanus.
1679 183 1764 215 Nam

101 245 174 286 lupi
197 246 364 275 insaniunt
388 243 440 274 vel
465 254 525 274 sua
552 249 686 281 sponte,
719 242 824 273 veluti
847 244 876 273 si
900 244 973 284 quis
999 249 1169 282 tyrannum
1193 244 1331 283 instiget
1353 244 1393 273 ad
1415 242 1667 279 crudelitatem,
1692 251 1765 272 cum

101 300 178 342 plus
201 302 282 331 satis
304 299 418 331 s-aeviat
439 306 555 339 suopte
577 301 720 340 ingenio.
745 299 866 330 Rabies
886 301 1016 339 proprie
1037 308 1151 329 eanum
1175 305 1237 336 est,
1260 300 1344 329 unde
1366 299 1572 330 Selioliastes
1591 298 1764 329 Theocriti

102 364 194 397 putat
221 357 280 388 hoc
304 356 396 386 velut
422 353 597 386 absurdum
620 357 765 397 proponi.
812 356 876 386 Sed
906 366 1003 386 canes
1028 355 1205 394 aliquando
1229 355 1371 393 rabiunt,
1404 356 1475 396 lupi
1497 365 1673 394 numquam
1698 364 1764 384 non

105 415 269 446 rabiunt.“
292 414 371 445 llaevc
393 414 572 452 explicatio
595 415 742 456 profecto
765 414 866 456 digna
886 414 949 445 fuit
969 423 1039 453 quae
1060 416 1291 453 respiceretur.
1332 412 1418 444 Num
1439 423 1516 444 vero
1536 415 1570 444 in
1592 425 1631 445 ea
1653 413 1764 452 acqui-

107 472 282 502 escendum
313 473 374 509 sit,
409 472 551 501 nondum
584 479 681 503 extra
711 482 838 502 omnem
868 470 1106 501 dubitationem
1138 474 1282 512 positum
1313 477 1376 502 est.
1420 470 1535 500 Liceat
1556 471 1636 501 mihi
1658 481 1765 501 meam

108 526 226 559 addere
257 528 462 559 senteutiam.
505 528 649 559 Primum
678 527 872 569 particulam
903 540 949 559 κεν
978 538 1035 566 pro
1064 527 1201 570 vulgata
1229 541 1273 561 τοι
1302 539 1322 559 a
1351 526 1524 558 Meinekio
1557 534 1687 570 serrata
1720 537 1765 558 ex

109 585 220 615 codice
243 582 305 622 Κ.,
330 595 423 623 quem
451 587 518 625 jam
541 586 707 627 Spobnius
730 586 853 626 (Lectt.
883 584 1024 616 Theocr.
1048 585 1076 624 I,
1099 597 1131 626 p.
1165 587 1226 627 15.)
1246 588 1323 627 jure
1347 596 1408 616 suo
1432 596 1521 616 omn
1536 587 1618 615 ium
1647 595 1765 623 prae-

110 642 433 672 stantissimum
454 643 545 681 dicit,
568 643 786 681 recipiendam
808 652 896 680 esse,
916 644 976 673 vix
999 649 1049 673 est
1067 643 1151 682 quod
1172 642 1315 674 dubites.
1338 643 1419 673 Eam
1435 642 1627 681 particulam
1641 641 1767 683 legisse

110 699 240 730 videtur
256 701 352 730 ctiam
374 700 590 743 Scholiastes,
614 711 710 739 quum
732 701 765 730 in
784 699 910 740 triplici
934 700 1170 742 explicatione,
1195 711 1289 740 quam
1311 702 1351 732 de
1375 700 1435 732 hoc
1458 711 1558 731 versu
1581 701 1767 741 proposuit,

114 758 281 795 scripserit
294 768 301 787 ε
317 758 442 798 διεγεῖραι
456 757 502 789 ἅι.
514 756 679 788 -πείσειεν
697 754 902 797 ἅτι-ἐκμῄνῃ
917 757 959 788 ἄν.
978 757 1106 788 Deinde
1119 759 1288 788 adsentior
1298 758 1449 796 Erasmo,
1459 757 1681 795 loquutionem
1693 767 1770 788 esse

111 813 361 852 proverbialem,
379 815 437 844 sed
457 816 489 844 in
510 814 652 855 singulis
668 813 779 844 verbis
799 813 1010 853 explicandis
1027 825 1065 844 ea
1088 816 1172 844 ratio
1192 813 1273 844 mihi
1292 815 1425 844 videtur
1448 814 1708 854 simplicissima,
1733 817 1769 843 ut

111 868 168 904 τὼς
187 870 365 910 accipiatur
387 880 444 908 pro
475 871 514 906 ὡς
534 878 565 901 et
587 871 670 906 λύκος
691 881 749 911 pro
773 872 991 902 nominativo:
1028 871 1066 907 ὡς
1086 872 1169 906 λύκος
1190 881 1235 901 sc.
1260 873 1359 912 λυσσᾷ.
1404 870 1488 902 Tum
1512 872 1676 901 sententia
1699 876 1767 900 est:

111 927 309 965 persuadere
328 928 433 966 possit
454 927 550 966 Milo,
574 935 609 958 ut
630 929 703 969 quis
724 927 817 958 illico
838 928 939 958 furiat
962 930 1034 959 sive
1057 930 1212 967 insaniat,
1236 929 1336 959 sicuti
1358 928 1454 967 lupus
1475 928 1556 958 furit
1575 929 1597 958 i.
1618 938 1646 958 e.
1658 926 1767 958 Milo

114 983 251 1015 illico
281 984 472 1023 aliquem
509 994 766 1026 permovere
794 985 936 1024 possit
973 986 1022 1016 ad
1053 987 1278 1017 maximam
1308 987 1615 1017 temeritatem.

194 1075 237 1107 V.
262 1075 311 1107 13.
354 1075 474 1107 δειλαῖαί
490 1073 606 1117 γάὗται·
627 1075 676 1108 τὸν
696 1076 821 1118 &auditor
842 1076 881 1112 ὡς
901 1075 989 1109 κακὸν
1009 1074 1096 1117 εὗρον.

195 1148 245 1180 lta
267 1159 385 1179 versus
405 1149 658 1191 distinguendus
683 1150 831 1186 videtur;
854 1160 917 1190 quo
939 1151 1026 1182 facto
1048 1152 1212 1182 sententia
1234 1151 1274 1182 fit
1296 1149 1400 1182 multo
1421 1150 1575 1182 vividior.
1599 1148 1769 1181 Particula

107 1205 152 1244 ,ὦς
172 1212 222 1237 est
243 1206 473 1237 exclamantis.

195 1294 238 1325 V·
260 1296 311 1329 20.
354 1295 454 1331 λεπτὸς
473 1295 531 1337 μὰν
551 1296 593 1337 χὼ
614 1300 719 1338 ταῦρος
739 1296 755 1329 ὁ
775 1296 914 1339 πύρῥιχος.
956 1293 1025 1328 αἴθε
1044 1296 1154 1338 λάχοιεν

353 1352 396 1385 τοὶ
417 1357 458 1385 τῶ
478 1355 658 1395 Λαμπριιίδα
679 1353 722 1387 τοὶ
742 1355 871 1395 δαμόται,
893 1353 964 1386 ὅκκα
986 1353 1093 1386 abtum

354 1414 392 1451 τᾷ
417 1410 509 1453 ”Ηρᾳ,
531 1412 643 1444 τοιόνδε·
664 1413 875 1453 κακοᾳράσμων
896 1412 950 1453 γὰρ
972 1412 987 1444 ὁ
1009 1415 1106 1451 δᾶμος.

197 1482 319 1514 Omnes
339 1484 408 1514 fere
426 1487 621 1524 interpretes
633 1486 734 1517 verba
747 1484 791 1518 τοὶ
811 1489 852 1518 τῶ
872 1490 992 1527 Λαμπρ.
1013 1490 1036 1518 δ.
1052 1487 1199 1517 referunt
1209 1485 1249 1516 ad
1261 1483 1615 1525 demumAtticum,qui
1625 1483 1767 1524 Lampra

114 1539 251 1579 dicitur,
283 1548 402 1582 praeter
432 1542 638 1582 Rumpfium‚
672 1554 714 1573 ex
745 1544 839 1583 cujus
870 1545 1033 1574 sententia
1063 1555 1081 1574 a
1114 1543 1373 1574 Wuestemanno
1406 1541 1544 1582 probata
1575 1540 1766 1580 intelligen-

114 1596 174 1627 dus
197 1597 242 1627 sit
260 1601 346 1638 δῆμος
364 1599 492 1637 quidam
515 1598 741 1638 Sybaritarum
759 1598 882 1629 collato
894 1599 992 1631 Diod.
1013 1600 1116 1631 Sicul.
1138 1599 1215 1638 ΧΠ,
1242 1601 1290 1631 ll.
1314 1598 1379 1628 Sed
1398 1598 1475 1639 quid
1487 1598 1563 1627 dicll
1578 1596 1765 1627 Diodorus?

110 1653 163 1689 τὰς
183 1654 212 1686 δὲ
232 1655 333 1691 λοιπὰς
353 1656 491 1697 τέτταρας
514 1654 576 1698 [sc.
601 1655 694 1696 φυλὰς
714 1656 920 1699 ὀνομάσαντες]
944 1657 1002 1690 ἀπὸ
1023 1661 1080 1690 τῶν
1101 1657 1194 1689 (luem-
1216 1660 1307 1698 γενῶν,
1323 1656 1415 1692 Ἰάδα,
1436 1656 1613 1695 ’Λθιιιίιὶὶῖιῃ
1635 1654 1766 1695 Εὗβοὶδα,

111 1714 262 1750 Νησιῶτιν.
305 1712 394 1752 Ergo
425 1713 511 1753 quod
540 1722 655 1742 nomen
688 1713 790 1742 fuerit
813 1712 912 1752 hujus
935 1713 1041 1743 tribus
1075 1716 1285 1754 ignoramus,
1315 1720 1411 1753 atque
1434 1712 1515 1741 adeo
1537 1722 1613 1740 num
1634 1712 1767 1740 omnino

111 1771 197 1809 δῆμος
220 1768 443 1809 Sybaritarum
471 1768 658 1802 istiusmodi
686 1770 816 1800 nomine
845 1770 1027 1812 insignitus
1050 1771 1152 1802 fuerit
1174 1782 1235 1802 non
1261 1770 1385 1809 liquet,
1415 1769 1566 1811 quoniam
1589 1778 1684 1799 nemo
1709 1778 1766 1799 no—

111 1828 258 1856 minatim
282 1833 433 1857 testatur.
479 1828 602 1858 Demus
624 1827 756 1857 Atticus
777 1833 884 1857 autem
916 1838 979 1857 non
1003 1832 1111 1866 potest
1140 1828 1299 1868 intelligi,
1329 1838 1424 1865 quum
1449 1826 1551 1856 verba
1574 1837 1639 1857 non
1659 1835 1766 1867 aptam

110 1880 267 1913 haberent
285 1881 490 1914 relationem.
536 1882 737 1923 Quapropter
760 1884 977 1914 verisimilius
1002 1891 1053 1915 est
1070 1894 1187 1914 nomen
1210 1884 1390 1923 Λαμπριάδα
1412 1894 1488 1914 esse
1508 1885 1764 1924 patronymicum

110 1946 143 1973 et
172 1940 362 1983 significare
388 1941 551 1972 hominem
575 1942 733 1981 quendam
756 1940 852 1972 Batto
876 1941 1087 1972 vehementer
1113 1943 1273 1972 odiosum.
1320 1940 1415 1977 Quod
1441 1943 1471 1972 si
1494 1948 1583 1972 recte
1603 1948 1766 1982 sumptum

110 2006 171 2038 est,
205 1998 439 2040 intelliguntur
469 1998 668 2029 tribules
701 1999 834 2030 illius
867 1999 1173 2040 Lampriadae.
1218 1998 1391 2029 Articulus
1423 2009 1487 2029 non
1516 2000 1586 2039 jam
1617 1998 1768 2031 offendit.

109 2056 296 2094 Comparari
323 2060 430 2096 potest
451 2055 547 2096 XIII,
568 2058 599 2090 5.
622 2054 822 2099 ὡμφιτρῦὼνος
843 2056 858 2090 ὁ
879 2055 1099 2098 χαλκιοκάρδιος,
1127 2055 1183 2087 ubi
1207 2055 1400 2087 Meinekius
1427 2056 1601 2088 articulum
1623 2067 1665 2087 ex
1690 2056 1765 2091 cod.

106 2112 149 2144 K.
172 2123 257 2145 nune
280 2115 411 2155 adjecit,
435 2126 627 2158 quamquam
650 2126 711 2160 ego
733 2115 848 2147 malim
866 2116 961 2156 ’Λμφ
983 2113 1111 2146 Nomen
1133 2121 1242 2145 autem
1265 2116 1525 2157 patronymicum
1543 2125 1619 2146 esse
1640 2115 1769 2156 conjeci
