1872 2345
802 85 1054 128 ..58-

185 176 230 209 V.
251 178 303 210 56.
346 175 533 209 questem.
557 182 591 209 et
616 166 762 209 Bachius
785 176 886 208 verba
908 178 955 209 ita
972 179 1135 220 jungunt:
1167 177 1292 220 „2’909037
1312 179 1392 219 μᾶλα
1413 177 1538 221 σύννομα
1559 181 1587 217 ἔς
1607 180 1663 213 rh
1680 183 1761 214 Σικε-

100 233 154 263 λὰν
175 231 234 264 ἅλα
257 235 279 263 i.
303 243 331 262 e.
350 233 553 271 prospiciens
577 244 658 264 oves
682 243 746 263 una
768 239 940 274 pascentes
966 233 1114 264 Siculum
1135 244 1223 265 mare
1244 236 1399 265 versus.“
1445 234 1511 265 Sed·
1533 235 1645 274 paullo
1669 237 1760 267 inso-

101 283 223 315 lentior
246 289 296 314 est
327 284 527 314 constructio
557 284 682 324 σύννομα
703 284 732 318 ἔς
753 296 787 320 τι,
811 285 865 313 cui
894 285 992 314 etiam
1027 285 1201 315 verborum
1228 285 1422 323 collocatio,
1455 296 1526 327 quae
1555 294 1650 318 extat
1674 289 1761 329 apud

101 341 239 372 poetam,
262 345 325 364 non
348 334 447 364 favet.
474 334 661 372 Simplicior
681 335 811 364 videtur
831 344 869 364 ea
890 335 987 372 ratio,
1009 345 1072 375 qua
1091 345 1191 365 unum
1213 335 1348 366 verbum
1369 336 1415 377 (id
1433 337 1517 378 quod
1537 347 1624 379 saepe
1641 340 1762 370 factum

101 387 277 426 videmus.)
302 386 464 416 reseratur
487 386 528 416 ad
552 387 615 416 duo
638 385 780 423 similia,
813 395 909 426 ergo:
944 385 1092 416 Siculum
1115 396 1204 417 mare
1227 398 1346 419 versus
1369 390 1569 428 prospiciens
1593 396 1625 421 et
1645 391 1762 421 videns

101 438 149 469 ita
171 449 250 469 oves
274 449 340 469 una
362 445 547 480 pascentes.
590 437 642 468 De
665 448 700 467 re
721 438 763 469 cf.
786 437 847 477 XI,
871 439 920 469 18.

186 529 232 560 V.
255 532 307 562 68.
350 529 410 562 οὔτι
430 530 560 569 κοιμᾶσθ’
583 528 654 561 ὅκκα
675 530 761 561 πάλιν
782 528 832 560 ἅδε
853 528 965 571 (γίνηται.
995 528 1241 561 Boissonadus:
1274 529 1412 569 ‚,Schol.
1439 532 1577 572 λιμοίξετε.
1598 532 1709 564 Possit
1729 539 1762 564 et

102 582 341 623 interrogative
373 580 484 618 scribi,
516 579 550 611 οὕ
569 593 596 611 τι
617 584 755 619 κιιμεῖσθε
776 602 783 610 .
804 603 811 610 .
833 603 840 610 .
862 603 868 610 .
889 592 901 615 ,·
931 589 1037 609 nonne
1068 578 1332 620 defatigabimini
1357 580 1520 611 tondendo
1541 582 1698 613 herbam‘!
1729 582 1763 613 id

103 640 166 673 est,
194 632 305 673 procul
329 631 429 664 dubio
454 631 755 674 defatigabimini.“
797 630 832 662 Id
854 632 913 662 vix
937 637 1032 663 erunt
1052 632 1108 673 qui
1130 631 1280 673 probent.
1326 631 1451 663 Sensus
1475 635 1586 674 potius
1608 637 1678 666 est:
1702 645 1761 666 vos

99 688 236 724 penuria
265 697 328 716 non
360 686 576 724 laborabitis,
610 685 706 715 vobis
739 695 802 715 non
837 685 942 715 deerit
971 686 1063 723 copia
1089 684 1217 725 herbae,
1248 685 1447 717 frumentum
1477 698 1593 718 rursus
1623 686 1762 730 largiter

101 745 238 769 crescet.
263 737 425 769 Caeterum
446 739 529 777 qnod
543 738 686 769 Baebius
708 739 741 768 in
760 737 965 779 Anthologia
987 749 1017 777 p.
1040 740 1109 769 156.
1130 741 1256 780 recepit
1279 739 1335 771 ὅκκ’
1360 740 1395 771 ἄν
1411 740 1493 769 mihi
1512 747 1682 778 propterea
1694 743 1762 772 dis-

100 794 218 833 plicet,
249 794 334 835 quod
359 794 511 835 vulgaris
531 793 704 825 Dialectus
728 803 800 824 cum
826 792 937 823 dorica
959 792 1137 823 commixta
1164 797 1214 823 est
1237 802 1301 823 non
1322 791 1389 823 alia
1408 791 1527 823 vocula
1551 793 1763 835 interposita,

102 852 138 876 ut
159 857 191 876 v.
212 847 264 877 43.
284 847 337 877 47.
361 847 394 877 αι’
412 847 438 877 δ’
464 844 507 876 ἂν.

186 935 230 966 V.
250 938 302 967 72.
345 934 414 975 κῆμὲ
435 935 489 977 γὰρ
511 936 541 967 ἐκ
561 935 703 976 τῶιτρω.-
727 934 872 966 Sensus:
915 933 990 966 Non
1027 940 1063 965 tu
1092 934 1201 966 solum
1232 935 1411 977 praedicare
1440 940 1535 976 potes
1566 938 1641 967 tuas
1669 946 1762 977 opes,

102 999 193 1018 nam
217 999 279 1029 ego
301 999 319 1026 q
331 999 468 1026 noque
492 987 608 1025 habeo,
632 997 694 1026 quo
717 988 939 1028 gaudeam.—
962 1000 993 1019 v.
1014 990 1066 1021 74.
1088 989 1210 1020 multos
1234 990 1371 1020 offendit
1391 990 1551 1020 articulus
1571 990 1634 1022 τὸν
1654 991 1763 1032 πικρὸν,

103 1043 135 1072 iu
158 1053 251 1081 quem
273 1041 438 1072 Grevcrus
458 1040 669 1072 vehementer
691 1040 869 1072 invehitur.
901 1040 968 1071 Sed
988 1040 1119 1070 videtur
1134 1040 1294 1071 articulus
1315 1040 1460 1070 indicare
1475 1040 1647 1070 formulam
1664 1053 1765 1083 quan-

103 1095 175 1125 dnm
206 1094 292 1134 apud
321 1094 400 1124 illos
430 1100 578 1132 pastores
611 1092 809 1130 solemnem,
843 1103 905 1131 qua
929 1093 1003 1134 quis
1027 1103 1107 1123 usus
1132 1091 1305 1129 refutabat,
1337 1102 1374 1123 se
1397 1102 1459 1122 uon
1484 1103 1559 1123 esse
1580 1092 1763 1131 pulchrum.

104 1146 273 1177 Greverus
304 1146 422 1175 vertit:
453 1144 512 1175 Iclt
532 1145 756 1175 beattlworlele
777 1144 826 1174 iltr
848 1144 976 1175 bineres
999 1144 1197 1182 (c'rom'scltm,
1220 1146 1412 1186 spoltemles)
1442 1144 1535 1175 'Vorc
1556 1146 1652 1182 nield,
1677 1148 1764 1188 quod

104 1200 185 1229 ferri
215 1199 345 1236 nequit,
376 1198 527 1239 quoniam
558 1195 709 1237 Daphnis
743 1196 899 1237 praedicat
930 1207 968 1227 ea
998 1195 1116 1238 quibus
1146 1207 1223 1227 vere
1254 1195 1548 1227 delectabatur.—
1570 1196 1613 1228 V.
1636 1198 1687 1231 76.
1730 1196 1766 1230 τὸ

102 1253 211 1290 πνεῦμα
237 1251 362 1291 accipio
385 1250 425 1280 de
446 1249 575 1287 vitulis,
600 1258 697 1287 quum
721 1249 848 1289 spirant
873 1248 992 1278 laetitia
1013 1251 1108 1286 atque
1132 1248 1265 1279 ferocia.

187 1339 230 1370 V.
253 1341 305 1372 81.
349 1339 402 1371 ἁδύ
423 1351 448 1369 τι
471 1337 503 1370 τὸ
525 1338 619 1377 στόμα
640 1350 687 1369 τευ
709 1338 856 1367 correxit
879 1337 1108 1376 Hcrmannus,
1141 1338 1266 1378 recepit
1286 1336 1488 1367 Meinekius.
1516 1336 1580 1367 Sed
1605 1340 1765 1376 quomodo

103 1399 149 1424 τἐυ
173 1391 341 1434 [XXVIL
363 1393 392 1423 5.
415 1390 448 1423 τὸ
470 1391 563 1431 στόμα
583 1389 658 1432 μευ]
689 1391 722 1419 in
742 1401 785 1420 τοι
806 1390 925 1419 mutari
954 1389 1099 1430 potuerit
1122 1387 1263 1418 difficile
1287 1388 1418 1418 videtur
1441 1388 1631 1425 intellectu;
1664 1401 1765 1432 quare

103 1446 237 1476 facilius
261 1446 402 1484 credam,
427 1452 558 1476 servato
580 1446 691 1475 dativo
711 1457 754 1475 τοι
777 1444 952 1484 legendum
975 1455 1050 1475 esse
1073 1444 1126 1475 ἁδύ
1147 1456 1184 1479 τε,
1208 1450 1244 1473 ut
1262 1456 1292 1474 τε
1311 1445 1472 1481 pertineat
1493 1445 1533 1475 ad
1551 1455 1691 1487 sequens
1709 1445 1765 1478 καί,

102 1496 187 1528 Nam
209 1497 261 1528 ἁδύ
282 1510 309 1529 τι
333 1497 478 1527 scribere
499 1500 674 1535 potuerunt
696 1495 840 1534 librarii,
864 1497 920 1534 qui
942 1506 1102 1526 memores
1124 1501 1216 1525 erant
1240 1496 1329 1525 initii
1350 1496 1447 1534 primi
1470 1496 1595 1537 idyllii.

189 1588 232 1619 V.
256 1590 307 1619 83.
351 1588 438 1618 Mihi
462 1589 567 1628 magis
590 1586 696 1625 placet
719 1587 887 1627 genitivus
910 1585 964 1621 τὰς
984 1586 1117 1627 σύριγγος,
1140 1585 1355 1624 prehende
1380 1598 1422 1628 sy
1434 1588 1611 1628 ringem,
1634 1599 1763 1622 manum

104 1642 242 1673 admove
263 1641 391 1681 syringi
410 1640 561 1680 ergreaefi’,
591 1649 687 1680 quam
709 1649 807 1676 cape
839 1639 1055 1678 syringes.
1100 1637 1289 1669 Genitivum
1313 1640 1410 1669 etiam
1433 1639 1518 1680 legit
1540 1640 1763 1674 Scholiastes:

103 1693 197 1727 ἆθλον
219 1692 247 1725 δὲ
269 1693 366 1728 αὐτοῖς
387 1692 404 1732 ἡ
426 1693 549 1733 σῦριγξ
571 1691 707 1727 ἀπέκειτο,
730 1689 763 1730 ἣν
783 1690 938 1722 ἐπιδίδωσιν
959 1688 974 1721 ὁ
998 1688 1092 1730 κριτὴς
1111 1692 1152 1729 τῷ
1171 1689 1294 1731 Δάφνιδι
1316 1690 1355 1726 ὡς
1375 1691 1524 1731 νικήσαντι.

188 1783 233 1815 V.
255 1785 306 1816 92.
350 1782 475 1824 ἅκρηβος
505 1782 527 1811 i.
551 1791 579 1811 e.
613 1781 669 1822 qui
701 1785 752 1810 est
786 1780 815 1810 ἐν
842 1778 917 1820 ἄκρᾳ
948 1776 1007 1820 ἥβη.
1051 1777 1118 1809 Sed
1149 1780 1260 1822 potius
1290 1780 1421 1812 videtur
1452 1781 1661 1823 cogitandum
1688 1792 1763 1815 esse

107 1837 148 1868 de
170 1837 242 1878 ipso
264 1838 370 1878 primo
392 1836 486 1874 flore,
511 1835 621 1876 itaque
644 1832 865 1872 recipiendum
885 1830 1018 1873 ἄκραβος.

781 1973 986 2024 Idylliuul
1013 1971 1097 2014 IX.

192 2066 236 2099 V.
262 2067 312 2100 13.
357 2065 567 2099 Recentiores
587 2067 723 2109 plurimi
745 2067 921 2107 probarunt
943 2068 1043 2108 Tupii
1064 2068 1322 2099 emendationem
1342 2068 1449 2110 e‘qa’naea.
1474 2067 1540 2098 Sed
1559 2069 1635 2108 quid
1654 2069 1762 2103 dualis

110 2120 177 2153 sibi
199 2121 295 2161 velit,
318 2119 378 2151 ubi
400 2122 535 2160 quisque
559 2128 731 2160 exspectat
751 2120 929 2162 pluralem,
961 2132 1025 2153 non
1047 2122 1118 2153 vidi
1140 2123 1197 2162 qui
1218 2124 1292 2164 apte
1316 2122 1473 2153 docuerit.
1519 2120 1693 2155 Facillima
1712 2131 1763 2156 est
