1872 2345
805 44 857 54 ...
903 27 931 64 2
980 45 1031 55 -.

787 123 996 175 Idyllium
1024 124 1059 166 Ι.

183 205 227 238 V.
259 208 308 240 15.
351 206 404 239 Ad
427 206 513 239 hunc
537 208 646 240 locum
672 208 903 248 explicandum
925 210 1207 242 VVuestemannus
1239 209 1450 250 observavit,
1481 217 1628 244 veterum
1649 213 1756 244 fuisse

102 265 379 304 superstitionem,
416 275 457 296 ex
483 276 546 305 qua
568 265 633 297 sibi
654 273 830 307 caverent,
863 278 903 299 ne
927 267 1035 299 Panos
1060 277 1208 299 somnum
1230 273 1374 309 tempore
1397 268 1635 300 mediterraneo
1658 272 1757 301 inter-

101 321 281 364 pellarent3
303 321 594 353 namPanafnisse
613 322 732 353 deum
754 324 1011 355 iracundum
1034 331 1073 355 et
1096 324 1147 355 ob
1167 335 1320 355 morum
1341 327 1629 366 asperitatem
1646 332 1757 366 pasto-

104 377 195 409 ribus
216 378 360 409 maxime
383 380 602 410 metuendum.
628 379 760 410 Similia
779 382 875 411 affert
898 380 1108 411 Burehardus
1132 382 1165 411 in
1184 380 1389 423 Anthologia
1413 381 1538 424 (Ber-ol.
1572 383 1652 414 1839
1670 381 1759 412 edita

103 441 135 466 et
153 436 320 475 juvenum}
340 438 419 467 usui
445 436 527 467 bene
550 437 804 478 accommodata)
841 449 875 479 p.
899 440 971 471 219.
1024 437 1169 469 Uberius
1194 449 1286 469 suam
1301 445 1448 484 mentem
1472 441 1628 479 exposuit
1654 438 1757 471 Wue-

104 498 218 531 stem.,
253 504 445 535 quamquam
474 493 615 524 lectores
648 493 731 524 illuc
763 505 827 524 non
855 495 1043 537 ablegavit,
1074 497 1107 525 in
1131 495 1246 536 Epigr.
1276 494 1336 526 lv.
1368 498 1395 528 1.
1418 496 1475 527 ubi
1498 496 1566 527 haec
1587 502 1663 527 sunt
1685 498 1758 538 ejus

105 550 208 581 verba
235 550 313 590 „Ob
338 551 370 581 id
395 551 503 590 credo,
525 550 609 589 quod
633 552 775 591 caprarii
799 553 834 582 in
857 552 1019 594 singulari
1043 552 1141 583 Panis
1166 559 1197 583 et
1219 551 1328 591 Priapi
1349 553 1454 583 tutela
1478 560 1587 592 erant,
1609 559 1758 593 pastores

107 618 170 638 non
201 610 289 638 item.
334 609 422 639 Hine
452 608 586 648 explica
616 607 721 646 illud,
753 609 837 649 quod
862 611 1030 649 caprarius
1059 610 1145 650 apud
1169 608 1337 639 Theocrit.
1359 608 1392 648 I,
1414 611 1463 642 15.
1486 610 1622 640 meridie
1645 610 1760 641 fistula

106 675 222 695 canere
244 676 307 694 non
331 666 442 703 audet,
468 676 586 696 verens
610 677 650 695 ne
669 665 790 695 Panem
814 676 857 695 ex
883 666 994 695 somno
1018 667 1174 701 suscitet;
1197 672 1229 696 at
1245 667 1354 696 ovium
1374 672 1485 704 pastor
1507 666 1540 696 id
1564 668 1760 707 permissum

105 727 211 762 putat.
242 721 355 762 Epigr.
386 725 459 760 sq.“
503 722 548 753 At
578 734 657 753 vero
682 723 890 762 Epigramma
921 724 1068 760 quintum
1088 723 1127 762 *J
1159 722 1243 752 nihil
1273 723 1313 752 ad
1344 733 1424 760 rem,
1454 723 1531 760 quia
1552 722 1625 753 illic
1648 729 1761 760 pastor

108 779 238 818 quidam
267 780 429 817 pectidem
449 779 662 820 pulsaturus,
685 778 859 818 Daphnide
880 778 995 809 fistula
1019 782 1207 818 cantaturo,
1240 778 1342 809 alium
1363 785 1525 818 pastorem
1548 770 1715 820 provocat·
1726 786 1762 810 ut

109 847 220 868 secum
243 836 433 878 duplicibus
464 836 557 868 tibiis
579 844 709 868 caneret
732 837 772 868 ad
793 836 882 867 Pana
905 848 948 868 ex
970 848 1083 868 somno
1107 837 1343 868 suscitandum.
1388 834 1493 873 Quam
1514 837 1558 867 sit
1580 837 1666 867 enim
1687 847 1762 867 con-

107 894 282 925 tumeliose
307 898 465 925 tractatus
487 894 539 926 hic
561 895 656 934 deus,
681 896 710 926 si
733 894 899 925 hominum
922 895 1010 925 votis
1033 904 1098 925 non
1122 897 1212 925 esset
1227 894 1407 935 propicius,
1426 904 1469 924 ex
1493 895 1566 934 ipso
1583 892 1761 925 Theocrito

109 951 199 992 (Vll,
223 954 283 983 106
307 953 370 994 sq.)
393 956 538 993 apparet.
584 952 715 983 Deinde
738 953 905 993 caprarius
928 952 961 982 in
982 951 1146 993 singulari
1169 950 1276 982 Panos
1298 951 1404 982 tutela
1423 951 1540 990 fuisse,
1559 952 1627 992 jam
1648 951 1764 982 statuit

112 1010 295 1048 Heinsius,
325 1010 418 1049 cujus
441 1016 548 1039 tamen
570 1010 735 1039 sententia
758 1016 845 1039 rec-te
868 1009 1010 1039 refutata
1034 1015 1084 1038 est
1108 1019 1127 1038 a
1149 1007 1408 1049 diligentissimo
1430 1008 1650 1048 Kiesslingio.
1692 1008 1763 1038 Jam

110 1079 190 1098 vero
221 1067 262 1097 ad
292 1066 423 1104 locum,
452 1067 492 1097 de
523 1076 587 1107 quo
618 1065 805 1104 loquimur,
839 1072 928 1096 recte
950 1064 1206 1106 intelligendum
1239 1065 1385 1105 urgenda
1416 1070 1492 1094 sunt
1521 1064 1621 1094 verba
1641 1064 1766 1105 ‹er(on

106 1126 247 1167 (5214).
268 1131 299 1154 et
322 1124 416 1162 ἁείσῃς
439 1125 483 1164 (v.
504 1124 569 1163 23).
612 1122 697 1154 Nam
727 1123 901 1153 fistulae
925 1122 1176 1164 pastoriciae
1205 1131 1347 1151 sonum
1369 1121 1635 1151 stridentem
1659 1123 1763 1152 evita-

113 1181 191 1211 bant
213 1187 386 1222 pastores‚
419 1190 524 1222 neque
548 1190 626 1210 vero
650 1180 770 1210 vocis
799 1178 1151 1210 modulationem.
1197 1176 1233 1208 Id
1250 1178 1318 1218 jan·
1341 1178 1488 1208 sensisse
1510 1177 1641 1209 videtur
1664 1178 1764 1210 Scho-

112 1239 249 1277 liastes,
280 1239 374 1278 cujus
402 1237 471 1267 haec
501 1243 552 1267 est
578 1236 764 1267 adnotatio:
788 1237 821 1268 οὐ
842 1237 948 1277 πρέπον
968 1233 1057 1272 ἐστὶν,
1091 1232 1115 1266 ὦ
1134 1233 1250 1275 ποιμὴν,
1279 1234 1354 1265 κατὰ
1375 1234 1408 1265 τὸ
1428 1234 1512 1273 μέσον
1531 1237 1582 1274 τῆς
1602 1235 1706 1276 ἡμέρας
1725 1238 1767 1275 τῇ

112 1297 256 1336 σύριγγι
283 1298 420 1335 χρῆσθαι.
452 1294 494 1324 cf.
520 1295 618 1323 etiam
639 1292 669 1323 J.
691 1293 734 1323 H.
760 1293 917 1324 Vossium
940 1295 973 1323 in
997 1292 1104 1330 libro,
1132 1293 1186 1330 qui
1210 1293 1256 1321 ita
1277 1291 1486 1321 inscribitur:
1529 1291 1767 1331 Anmerkungen

113 1355 177 1384 mad
196 1352 419 1392 Rundglossen
437 1360 475 1380 πη
495 1349 649 1379 Griechen
667 1350 732 1380 med
744 1350 878 1380 Rb'mern
900 1349 1036 1391 Lezpzig
1046 1350 1136 1381 1838.
1157 1359 1191 1390 p.
1212 1349 1280 1380 152,
1305 1347 1361 1377 ubi
1384 1348 1452 1378 lnaec
1475 1347 1575 1378 verba
1592 1346 1765 1388 leguntur:

115 1411 179 1443 1)εέ
199 1410 347 1451 gellende
369 1406 508 1447 Sffrz'uge
529 1407 659 1444 konute,
682 1417 742 1437 von
764 1410 863 1438 einem
886 1406 1023 1438 Meum
1041 1405 1209 1446 geblasen,
1239 1404 1318 1435 noch
1343 1405 1395 1436 dle
1418 1404 1599 1444 EtJersucM
1619 1405 1674 1435 des
1687 1405 1765 1445 jiih-

117 1472 269 1509 zorm‘gen
301 1467 374 1497 Pan
406 1468 529 1500 nizea,-
560 1468 611 1496 ee'n
637 1464 758 1496 blm-ser
791 1464 939 1504 Gemng,
976 1462 1122 1494 wotlurclt
1149 1462 1242 1499 eelbst
1263 1463 1314 1493 die
1334 1462 1478 1494 Prienen·
1499 1461 1566 1493 clare
1589 1461 1767 1494 Gouleeuen

117 1526 275 1567 sslorgem
296 1523 361 1554 und
382 1521 509 1553 Alme-ds
535 1521 791 1561 ea'nscltliiferten,
813 1524 911 1552 eliirle
932 1520 985 1552 die
1006 1519 1094 1551 Ruhe
1114 1518 1208 1551 nicht.

198 1607 242 1641 V.
284 1606 326 1637 30
327 1625 699 1637 ........
775 1603 795 1635 ἃ
816 1602 845 1635 δὲ
865 1603 926 1635 κατ’
950 1602 1036 1635 αὐτὸν

362 1665 464 1701 καρπῷ
484 1660 540 1699 ἕλιξ
560 1663 670 1693 εἱλεῖται
691 1661 867 1701 ἀγαλλομένα
888 1660 1034 1700 κροκόεντα.

202 1726 290 1763 Quid
309 1724 478 1765 significat
492 1725 552 1755 κατ’
576 1724 685 1755 αὖτὸνῖ
707 1722 892 1764 Kiessling.
918 1722 1090 1752 obscurius
1108 1719 1275 1761 explicat:
1300 1719 1416 1750 ibide
1429 1730 1457 1750 m
1469 1731 1487 1761 q
1499 1730 1518 1750 u
1530 1731 1547 1750 e
1565 1736 1607 1742 --
1625 1720 1768 1752 devol-

120 1799 140 1818 v
151 1797 172 1817 u
184 1792 305 1821 ntur,
343 1783 377 1812 in
409 1781 514 1812 latina
548 1782 816 1819 interpretatione
850 1780 991 1822 legitur:
1022 1789 1097 1818 per
1129 1788 1176 1816 qu
1189 1787 1267 1815 am,
1297 1777 1330 1807 id
1351 1778 1437 1818 quod
1464 1777 1560 1807 multi
1580 1778 1770 1818 probarunt,

123 1844 277 1874 Boisson.
308 1841 340 1869 in
371 1839 480 1870 Nicet.
500 1849 533 1880 p.
553 1840 604 1870 75.
628 1837 684 1875 ἕλιξ
705 1838 765 1868 κατ’
789 1838 875 1869 αὑτὸν
896 1838 1014 1878 accipit
1037 1846 1096 1877 pro
1118 1835 1175 1872 ἕλιξ
1196 1835 1284 1865 αὐτοῦ
1305 1834 1327 1863 i.
1352 1844 1379 1863 c.
1401 1837 1452 1865 τοῦ
1473 1837 1576 1866 κισσοῦ.
1617 1834 1774 1865 Wueste-

123 1909 248 1931 mana:
280 1898 315 1927 ci
330 1907 401 1926 rea
424 1896 548 1926 illum
577 1896 642 1936 (sc.
668 1894 904 1935 helichrysum)
928 1896 1185 1935 interpretatur,
1218 1895 1375 1929 sequutus
1399 1895 1434 1921 ut
1456 1892 1586 1921 videtur
1608 1890 1772 1929 Heynium

124 1960 154 1989 in
182 1954 304 1996 virgil.
326 1953 397 1984 Ecl.
424 1952 490 1991 ΙΙΙ,
515 1954 565 1986 38.
596 1954 720 1993 ρ.’106,
744 1952 794 1983 ed.
815 1951 995 1992 Wagner.,
1019 1950 1181 1988 Spitzner.
1207 1948 1247 1978 de
1268 1949 1301 1978 vi
1323 1955 1354 1978 et
1377 1959 1440 1978 usu
1461 1947 1640 1986 prmpositt.
1662 1946 1718 1976 ἀνὰ
1742 1954 1774 1977 et

158 2078 182 2107 4)
219 2075 274 2102 Vel
292 2073 480 2108 fragmentum
500 2072 596 2106 idyllii
613 2071 750 2107 elegiaci,
769 2069 997 2104 quemadmodum
1016 2067 1199 2104 sagacissime
1217 2066 1347 2102 exposuit
1363 2065 1398 2092 N.
1417 2064 1540 2092 Baebius
1558 2063 1663 2094 Qum-t.
1680 2062 1773 2098 Elegi-

225 2124 338 2143 aearum
357 2115 479 2149 Specim.
498 2114 519 2139 1.
539 2122 566 2147 p.
586 2115 627 2141 17.
655 2135 657 2138 .
