1872 2345
787 40 1042 82 ...59-

80 130 255 169 correctio,
278 140 373 169 quam
390 132 518 173 primus
539 132 711 172 proposuit
731 130 775 162 H.
797 129 982 169 Stephanus
1001 131 1073 172 ἔριδι·
1092 131 1180 171 πᾶ),
1203 142 1360 173 quamque
1379 140 1486 171 nuper
1501 133 1624 173 recepit
1641 132 1739 165 Bois-

83 182 237 214 sonadus.
282 181 366 214 Tum
396 182 476 215 licet
499 182 586 214 illud
607 196 636 215 τι
657 187 756 221 etwa,
788 186 822 215 iu
848 187 950 214 etwas·
979 184 1200 225 interpretari.
1243 183 1328 215 Nam
1351 183 1437 225 quod
1459 181 1542 213 hanc
1564 183 1739 216 lectionem

81 239 130 269 sic
154 238 366 280 intelligunt:
396 246 550 279 quantum
570 250 681 271 amans
704 247 795 271 curat
815 241 969 271 audire
998 240 1171 279 aliquid
1194 241 1459 279 admonitionum,
1484 240 1517 271 id
1540 250 1603 270 non
1625 241 1738 273 multis

79 288 225 330 amplius
247 289 404 330 placebit.
450 290 515 320 sed
536 300 616 320 sana
638 291 768 321 videtur
791 291 948 321 librorum
972 293 1134 330 scriptura
1154 292 1260 332 ἐρῶντι.
1284 292 1379 322 Hunc
1402 292 1547 321 dativum
1558 289 1738 322 Burchard.

80 342 215 375 Anthol.
236 355 266 382 p.
288 346 360 375 211.
380 345 494 385 jungit
517 354 589 374 cum
609 344 797 383 infinitivo,
828 345 861 374 in
885 355 948 386 quo
978 356 1048 375 eam
1072 346 1139 375 vim
1163 345 1274 375 inesse
1297 344 1472 382 contendit,
1496 350 1530 374 ut
1553 344 1624 375 des
1637 344 1741 374 tina·

80 399 162 424 tum
185 398 259 424 aut
281 399 441 423 certum
464 404 538 425 esse
562 394 663 425 alicui
686 395 864 436 significet,
889 406 958 426 rem
982 396 1126 437 aliquam
1155 397 1325 437 perpeti
1355 403 1426 425 aut
1456 406 1738 437 cognoscere.

78 445 191 486 Itaque
215 446 323 477 locum
345 448 460 478 vertit:
490 453 692 485 „torrentem
713 454 859 478 aestatem
882 458 972 489 aeque
995 448 1080 478 nihil
1103 459 1180 488 curo
1203 455 1301 490 atque
1323 449 1443 478 amanti
1466 456 1587 479 certum
1613 456 1645 479 et
1671 450 1739 479 fato

77 500 175 541 quasi
198 499 396 530 destinatum
419 506 470 530 est
493 499 624 540 (surdos
648 500 734 531 enim
755 510 817 531 non
840 501 948 531 minus
969 510 1064 542 quam
1085 510 1187 532 caecos
1204 506 1350 531 amantes
1371 499 1471 530 Amor
1488 500 1606 542 reddit)
1620 512 1738 542 paren-

77 558 149 583 tum
178 554 302 583 monita
331 558 538 583 contemnere
569 552 600 582 h.
634 564 662 583 e.
688 552 773 583 nihil
796 560 942 584 aestatem
963 564 1041 584 curo
1061 561 1177 595 atque,
1209 555 1266 595 qui
1288 560 1392 592 amat,
1424 558 1591 592 parentum
1615 556 1740 585 monita

79 612 167 636 certo
188 604 274 635 nihil
294 611 395 635 curat.
414 603 463 635 Cf.
482 604 579 643 Soph.
596 604 679 636 Oed.
691 605 730 637 R.
741 606 812 637 823.
836 605 903 646 εἴμε
923 604 975 646 χρὴ
998 612 1098 647 φυγεῖν,
1120 606 1173 637 καί
1189 620 1237 646 μοι
1251 606 1366 648 φυγόντι
1386 607 1456 647 μήτε
1476 606 1543 642 τοὺς
1564 607 1646 647 ἐμοὺς
1668 609 1740 645 ἰδεῖν,

77 658 138 699 μήτ’
168 657 324 699 ἐμβατεύων
351 657 492 699 πατρίδος.
536 656 655 688 Aeseh.
685 657 801 699 Agant.
825 658 915 689 1324.
936 657 1031 698 ‘Halcp
1051 658 1231 700 δ’ἕπεῦχομαι
1244 676 1286 681 -
1299 659 1415 700 ἐχθροῖς
1442 662 1557 699 φονεῦσι
1577 665 1638 695 »τοῖς
1666 660 1742 700 ἐμοῖς

77 711 157 742 τίνειν
166 712 243 750 ὁμοῦ.
263 711 399 741 Hesiod.
410 711 495 751 Opp.
506 712 602 743 793.“
620 711 735 753 [ἴστορα
743 713 1006 755 φῶταγείπάσθαῑ]
1024 714 1069 744 At
1081 713 1148 744 haec
1159 713 1341 754 explicatio
1352 713 1567 745 artificiosior
1577 721 1629 745 est
1641 721 1738 754 atque

77 760 281 802 perplexior,
303 771 396 798 quam
404 768 439 790 ut
451 759 582 801 probari
591 771 687 798 posse
699 761 858 792 videatur.
883 761 965 792 Nam
975 764 1112 801 primum
1123 763 1183 793 hoc
1193 762 1265 793 loco
1276 773 1339 793 non
1349 770 1400 793 est
1411 774 1517 793 sermo
1528 764 1568 793 de
1579 775 1626 802 re,
1645 774 1741 802 quam

78 816 151 856 quis
173 826 192 845 a
213 814 280 845 fato
302 816 397 854 quasi
419 816 615 860 destinatam
637 821 873 857 cognoscat
904 822 973 847 aut
1008 817 1303 858 perpetiatur,
1337 816 1396 847 sed
1418 816 1458 847 de
1480 827 1528 855 re,
1550 827 1645 858 quam
1665 819 1740 856 quis

77 865 173 903 plane
196 873 389 896 contemnat.
412 866 498 897 Tum
517 868 648 896 omniuo
673 868 765 895 notio
790 866 863 904 illa,
887 877 950 905 qua
972 878 1040 897 rem
1065 869 1226 908 quandam
1250 867 1351 897 alicui
1373 867 1570 897 destinatam
1593 875 1649 898 aut
1671 881 1740 900 cer-

77 927 144 954 tam
167 927 241 948 csse
265 916 438 955 indicatur,
463 918 496 947 in
521 923 589 947 tota
612 917 776 947 sententia
794 916 986 946 abscondita
1004 917 1096 954 latet,
1121 927 1225 957 neque
1245 917 1278 945 in
1290 915 1551 946 soloinfinitivo.
1576 916 1741 957 Exempla

79 970 219 1010 denique
236 969 339 999 allata
358 968 496 999 multum
516 970 640 999 distant
657 979 677 999 a
705 968 778 998 loco
802 967 1009 999 Theocriteo.
1033 968 1131 1009 Apud
1152 966 1348 1009 Sophoclem
1370 978 1454 999 nunc
1472 969 1595 1009 recepit
1616 968 1655 1010 μὴ
1681 968 1739 1002 ”στι

77 1020 143 1055 τοὺς
164 1019 246 1059 ἐμοὺς
268 1020 331 1050 ἰδεῖν
353 1019 580 1057 Hermannus‚
625 1030 729 1060 pauca
762 1019 929 1049 disserens
963 1019 1002 1049 de
1034 1018 1097 1048 illa
1123 1017 1296 1048 verborum
1326 1019 1360 1048 in
1389 1020 1585 1049 contrariam
1615 1026 1739 1058 partem

78 1072 259 1103 valentium
288 1073 426 1103 ratione.
472 1071 562 1102 Idem
591 1070 812 1102 consulendus
846 1077 897 1101 est
920 1071 953 1100 in
976 1069 1084 1101 locum
1108 1070 1248 1100 Hesiodi
1272 1071 1305 1100 in
1327 1069 1451 1110 Opusc.
1479 1069 1536 1108 vl,
1563 1072 1589 1102 1.
1614 1082 1646 1111 p.
1667 1074 1738 1104 254.

77 1127 180 1157 Porro
202 1125 303 1156 verba
327 1124 521 1155 Cassandrae
542 1126 625 1163 apud
644 1124 846 1164 Aeschylum
865 1123 969 1154 multo
989 1124 1098 1154 minus
1118 1124 1380 1162 comparaverim.
1410 1122 1505 1161 Apud
1526 1122 1739 1156 Theocritum

78 1178 327 1220 simplicissima
351 1177 481 1208 videtur
510 1176 591 1207 mihi
615 1176 808 1217 explicandi
830 1176 933 1213 ratio,
958 1185 1002 1205 ex
1029 1185 1091 1213 qua
1115 1185 1279 1205 sumamus
1309 1175 1585 1205 constructionem
1613 1176 1685 1216 πρὸς
1705 1176 1738 1207 τὸ

71 1233 284 1273 «σημαινόμενον.
306 1231 407 1262 Poeta
426 1232 460 1261 in
478 1237 585 1262 mente
604 1230 701 1262 habet
717 1231 799 1271 μέλει,
817 1230 903 1272 quod
919 1228 1117 1260 eliciendum
1137 1235 1186 1259 est
1205 1239 1248 1259 ex
1255 1228 1413 1269 μελεδαίνω.
1431 1238 1521 1269 ergo:
1546 1236 1739 1267 quantum

74 1285 234 1315 amanti
261 1286 325 1314 est
347 1284 468 1314 cordi
496 1284 655 1314 audire
676 1288 897 1322 parentum
921 1281 1249 1311 admonitiones.

161 1372 205 1403 V.
231 1374 279 1404 18.
317 1378 408 1403 κεῖται
438 1378 532 1404 extat
562 1373 595 1402 in
626 1371 739 1402 multis
772 1375 805 1402 et
831 1370 927 1401 bonis
956 1370 1071 1408 codd.‚
1104 1372 1199 1408 atque
1229 1370 1414 1399 rectissime
1444 1367 1617 1409 probatum
1645 1373 1696 1399 est·
1719 1380 1739 1400 a

77 1426 251 1460 Meinekio
263 1432 294 1457 et
304 1424 521 1457 Boissonado.
547 1426 799 1458 NVuestemanni
820 1425 988 1456 adnotatio
1008 1423 1075 1455 haec
1096 1429 1164 1454 est:
1188 1424 1343 1462 „minime
1356 1422 1572 1461 reponendum
1583 1429 1634 1453 est
1643 1428 1738 1454 κεῖται.

77 1481 225 1514 Pluralis
251 1480 418 1521 significat
440 1480 546 1519 pelles
571 1480 653 1511 bene
673 1491 791 1519 pansas
812 1490 899 1518 esse,
924 1489 986 1520 quo
1008 1478 1206 1509 commodius
1228 1478 1301 1508 inde
1330 1477 1439 1508 cubile
1456 1476 1532 1512 fiat3
1555 1477 1736 1518 singularis

77 1536 239 1568 vellerum
269 1535 303 1565 in
336 1544 435 1564 uuum
466 1534 573 1565 locum
602 1540 832 1575 congestorum
862 1543 1014 1564 acervum
1045 1531 1215 1562 indicaret.
1248 1530 1298 1561 Cf.
1333 1531 1426 1561 Rost.
1458 1529 1515 1561 Gr.
1548 1531 1578 1568 §-
1612 1533 1679 1570 1007
1707 1535 1737 1563 4.

75 1592 155 1624 Not.
174 1594 204 1624 5.
227 1592 312 1631 *³²*ss
356 1590 457 1621 Porro
481 1592 516 1621 in
540 1602 569 1621 v.
596 1591 644 1623 17.
668 1589 739 1631 (ubi
761 1591 796 1620 in
820 1601 912 1621 suam
935 1599 1002 1621 rem
1025 1598 1212 1631 comparare
1240 1588 1405 1629 potuisset
1428 1585 1558 1618 Mosch.
1581 1586 1641 1627 IV,
1667 1588 1735 1620 122.

109 1719 136 1749 ἢ
171 1718 242 1744 Tam
262 1717 319 1744 levi
332 1719 487 1744 mutatione
505 1725 588 1751 egere
606 1717 675 1743 mihi
694 1717 805 1743 videtur
821 1716 895 1751 quod
911 1716 983 1750 apud
996 1715 1080 1741 Hom.
1097 1714 1148 1741 Od.
1167 1714 1188 1746 l,
1205 1713 1267 1742 315.
1285 1713 1404 1748 legitur:
1421 1705 1461 1746 μή
1485 1705 1513 1745 μ’
1522 1705 1562 1736 ἔτι
1589 1708 1637 1736 νῦν
1658 1706 1736 1737 κατί-

182 1763 254 1790 ρυκε,
277 1766 337 1791 quae
357 1761 496 1792 scriptura
515 1759 580 1791 quin
600 1767 666 1784 vera
685 1760 722 1784 sit
740 1759 854 1788 dubito,
878 1766 959 1790 quum
979 1758 1008 1782 in
1028 1756 1192 1789 praegressis
1210 1763 1265 1780 non
1282 1756 1421 1788 proditum
1440 1756 1485 1786 sit,
1504 1755 1660 1781 Minervam
1677 1757 1735 1789 jam

177 1799 263 1825 semel
282 1799 405 1825 discessu
425 1799 594 1832 prohibitam
614 1807 685 1825 esse.
720 1799 774 1825 Sed
791 1798 897 1824 scribe:
919 1790 958 1830 μή
978 1790 1016 1830 μέ
1032 1802 1059 1820 τι
1080 1793 1128 1820 νῦν
1149 1789 1280 1827 κατέρυκε
1297 1799 1326 1822 et
1341 1796 1430 1820 omnis
1443 1795 1554 1820 sublata
1564 1799 1607 1820 est
1615 1796 1734 1821 difficul-

175 1843 237 1902 tas)
256 1840 326 1865 llaec
344 1840 418 1865 ratio
432 1840 597 1867 emendandi
613 1840 642 1866 in
661 1840 826 1867 memoriam
839 1842 963 1871 revocat,
981 1846 1041 1874 quae
1051 1837 1246 1864 F.A.Wolfius
1257 1836 1388 1869 exposuit
1401 1836 1430 1861 in
1441 1835 1528 1860 libro:
1548 1827 1734 1859 Vermiscllte

180 1874 352 1910 Seue-'stem
372 1889 399 1913 p,
418 1883 462 1909 99,

110 1949 152 1979 “J
188 1948 321 1973 Tironum
339 1954 438 1972 caussa
451 1945 546 1974 haecce
564 1948 695 1982 adjungo.
725 1946 839 1973 nostias
858 1946 945 1972 etiam
962 1945 991 1970 in
1009 1944 1160 1970 novissima
1177 1943 1299 1969 editione
1315 1941 1335 1968 1.
1350 1941 1370 1967 L
1381 1941 1487 1974 docuit,
1505 1942 1576 1976 apud
1590 1942 1733 1975 prosaicos

181 1989 337 2021 scriptores
356 1988 469 2013 verbum
488 1989 597 2021 plurale
616 1992 713 2015 neutro
725 1987 829 2021 plurali
841 1987 1003 2020 plerumque
1018 1986 1209 2011 tantummodo
1222 1984 1349 2018 adjungi:
1370 1986 1481 2013 „wenta
1502 1976 1657 2007 ὀψία-8481·
1672 1976 1733 2006 dat

184 2029 311 2069 Subjelst
333 2031 403 2058 eine
427 2027 620 2070 Beuemmng
646 2039 707 2059 von
733 2029 896 2059 Persouen
926 2030 985 2063 iet,
1017 2028 1092 2057 oder
1113 2028 1170 2056 der
1197 2025 1336 2065 Begrtff
1351 2025 1408 2054 des
1429 2023 1598 2054 Einzeluen
1619 2027 1651 2054 in
1674 2025 1733 2055 der

184 2069 319 2100 Vielleet't
336 2068 472 2100 deutlich
492 2069 741 2111 hervorgekoben
762 2069 888 2099 werden
909 2068 999 2098 ΙςοΙΙέί
1017 2075 1128 2101 Pariter
1143 2074 1252 2108 J'udicnt
1267 2072 1513 2100 Kuehner.Gram.
1525 2073 1686 2105 min.§369.
1703 2081 1730 2099 a.

178 2118 214 2151 b.',
233 2118 288 2145 Sed
312 2117 373 2144 haee
397 2118 471 2143 ratio
496 2118 607 2145 videtur
631 2120 662 2146 in
684 2118 789 2145 multos
811 2117 889 2144 locon
908 2124 963 2143 non
986 2116 1056 2143 sati»
1073 2116 1219 2150 quadrare.
1255 2115 1371 2142 Rectius
1388 2116 1510 2147 statues,
1532 2114 1642 2148 opinor,
1660 2115 1685 2140 ui
1702 2115 1732 2140 in

1809 808 1826 819 d
