1872 2345
797 36 1055 77 ...ὃς-.-

90 139 161 164 erat
189 130 347 164 Erasmus
361 154 371 170 ,
403 130 459 174 qui
485 127 592 171 Adag.
623 127 685 167 IV,
706 129 758 160 50.
782 139 815 170 p.
841 128 923 160 1052
944 127 995 158 sic
1013 124 1130 157 scribit
1143 134 1158 157 ε·
1186 121 1371 167 „Suspicor
1393 118 1540 156 al'rusum
1561 124 1601 156 ad
1623 131 1750 164 poetam

94 183 209 215 Coum.
254 183 337 214 Nam
360 182 474 224 paullo
496 188 571 220 post
593 180 772 210 Homerum
795 177 937 218 appellat
960 185 1090 219 poetam
1112 178 1265 209 Chium.“
1288 178 1388 209 Porro
1411 180 1440 208 si
1461 179 1649 216 quaerimus,
1663 179 1750 209 unde

94 235 292 268 Theocritus
325 235 458 267 sibimet
488 234 554 275 ipsi
583 240 699 263 nomen
732 232 877 263 induerit
910 230 1099 262 Simi'chidae
1127 232 1213 272 (nam
1239 230 1451 262 Theocritum
1474 232 1580 270 ipsum
1604 230 1666 262 sub
1687 231 1750 264 hoc

88 291 219 319 nomine
241 288 345 318 latere
369 288 437 317 fere
461 295 573 315 omnes
597 285 830 321 consentiunt),
854 285 911 313 vix
933 287 1040 320 potest
1068 294 1187 313 verum
1214 294 1301 320 esse,
1323 285 1408 321 quod
1432 285 1610 313 etiamnum
1633 283 1752 323 probat

93 338 320 372 Boissonadus
351 336 396 378 (p.
427 336 499 366 216.
529 334 580 364 ed.
604 332 675 374 IL),
709 332 921 378 Theocritum
945 332 1051 363 fuisse
1073 331 1161 373 σιμόν.
1206 331 1286 362 11:20
1309 332 1566 364 Scholiastarum
1590 333 1752 371 doctrina,

91 404 187 433 quam
208 391 359 423 nonnulli
382 400 425 420 ex
441 388 499 426 111,
510 390 541 420 8.
559 385 577 428 ἦ
597 387 636 428 ῥά
655 387 690 429 γε’
703 400 747 419 ’τοι
768 386 874 427 σιμὸς
894 387 1108 427 καταφαίνομαι
1129 386 1245 427 ἐγγύθεν
1266 383 1332 425 ἦμεν
1349 385 1553 424 hauriebant,
1576 386 1751 416 referenda

93 455 145 480 est
163 449 204 479 ad
228 456 284 478 eas
312 445 553 476 commenticias
586 444 803 480 narrationes,
834 451 969 480 quarum
999 441 1171 482 permultae
1194 440 1477 471 circumferuntur.
1521 440 1626 481 Atque
1648 441 1745 470 istam

92 502 282 544 opinionem
313 506 400 531 recte
431 498 557 529 refellit
586 496 791 528 Scholiastes
822 494 846 526 l.
877 495 901 526 l.
932 495 986 526 his
1008 495 1142 527 verbis:
1174 494 1236 527 οὐδὲ
1256 494 1407 536 Σιμαχιὶἳας
1428 491 1489 525 ἀπὸ
1507 495 1558 524 τοῦ
1579 497 1667 533 σιμοῦ,
1689 494 1750 525 ‹ffl’

95 557 153 590 ἀπὸ
174 556 302 597 Σιμίχου,
323 554 543 596 πατροπμικόν.
586 550 773 583 Probabilis
798 560 930 589 caussa,
960 561 1018 580 cur
1038 550 1234 581 Theocritus
1259 549 1320 580 hoc
1343 549 1475 579 nomine
1495 554 1616 583 utatur,
1640 549 1751 577 nescio

96 621 136 642 an
157 610 307 651 indagari
327 608 432 647 possit
453 619 495 638 ex
520 607 572 637 his
594 605 707 636 verbis
729 605 925 635 Scholiasta!
947 605 980 634 in
999 603 1074 643 vll,
1096 607 1169 636 21„-
1189 602 1261 645 φασῖ
1282 602 1311 635 δὲ
1331 602 1381 634 τὸν
1401 604 1528 633 τοιοῦτον
1548 602 1583 641 (i.
1600 599 1750 630 e.Theo-

97 663 228 702 critum)
252 660 310 693 ἀπὸ
330 660 451 702 πατρίου
479 660 620 699 κληθῆναι
641 658 786 699 Σιμιχίδου
807 660 859 689 τοῦ
880 658 1048 699 Περικλέους
1068 660 1125 689 τῶν
1143 656 1340 698 Ὀρχομενίων,
1371 654 1402 687 οἷ
1417 667 1489 689 ’τινες
1509 652 1651 687 πολιτείας
1672 652 1753 692 παρὰ

99 714 196 754 Κῴοις
223 712 412 754 τετυχῆᾄιασιν.
455 712 549 742 Avus
578 712 682 752 igitur
712 710 883 741 Theocriti
911 710 1108 741 Orchomeni
1132 717 1227 740 natus
1251 710 1396 740 civitatis
1421 705 1555 737 vinculo
1578 715 1649 736 cnm
1674 703 1754 734 Cois

99 768 292 807 conjunctus
314 766 388 796 fuit.
415 763 543 800 Quodsi
567 765 738 801 sumimus,
762 762 976 794 Theocritum
992 765 1061 804 jam
1084 763 1145 793 illo
1167 766 1323 800 tempore,
1344 771 1407 799 quo
1421 759 1559 790 Philetae
1576 756 1753 795 disciplina

100 821 134 851 in
159 817 326 850 insula'Co
351 816 514 856 utebatur,
538 817 621 855 apud
642 815 882 848 commilitones
905 824 937 848 et
958 816 1105 848 homines
1127 815 1213 847 Coos
1235 815 1298 847 hoc
1316 815 1447 846 nomine
1470 816 1633 854 tamqnam
1654 809 1755 840 hono-

100 872 214 910 rifico,
249 878 359 909 utpote
379 872 569 901 societatem
591 872 677 900 inter
699 877 829 911 poetam
852 877 884 901 et
895 870 983 901 Coos
1000 882 1019 901 a
1039 870 1187 911 patribus
1208 870 1283 900 inde
1303 867 1559 898 intercedentem
1578 864 1755 897 indicante,

102 926 295 967 insignitum
315 924 438 955 fuisse:
461 929 529 954 tum
551 916 712 963 putandus
735 927 786 955 est
810 924 1008 955 Theocritus
1027 926 1060 955 in
1085 924 1146 954 hoc
1167 924 1309 954 carmine
1331 920 1397 952 sibi
1419 918 1480 949 hoc
1497 916 1755 956 patronymicum

101 990 218 1010 nomen
237 979 398 1016 induisse,
419 982 457 1008 ut
475 978 751 1009 commilitonibus
775 990 885 1010 secum
902 980 982 1010 olim
1001 980 1185 1019 conjunctis
1204 984 1300 1019 atque
1319 972 1505 1006 hominibus
1521 969 1614 1008 Cois,
1636 967 1755 1007 quibus

103 1043 230 1064 carmen
252 1032 462 1070 innotescert‚
487 1031 572 1063 illud
594 1036 722 1072 tempus
744 1034 779 1064 in
798 1035 986 1065 memoriam
1007 1039 1188 1065 revocaret.
1231 1032 1297 1062 Sed
1319 1031 1426 1061 fateor
1446 1029 1533 1068 ipse,
1554 1024 1624 1055 haec
1646 1023 1756 1053 omnia

103 1086 165 1117 niti
187 1083 340 1125 ambigua
360 1085 557 1123 conjectura.

185 1157 229 1189 V.
250 1159 281 1190 2.
323 1156 451 1198 εἵρπομες
473 1167 535 1188 non
556 1168 690 1196 prorsus
719 1160 894 1198 respondet
929 1158 1033 1191 latino
1066 1159 1254 1199 „ibamus‘⁵;
1283 1159 1371 1189 inest
1392 1157 1523 1198 potius:
1548 1152 1756 1185 commode

104 1219 147 1244 et
177 1210 354 1253 placide
376 1210 697 1249 incedebamus,
719 1215 777 1242 wir
798 1210 1014 1244 rchlenderlen
1036 1212 1088 1243 ltin
1110 1222 1169 1243 nos
1194 1211 1342 1242 audimus
1364 1212 1397 1241 in
1421 1208 1571 1251 populari
1595 1216 1755 1238 sermone.

104 1265 266 1298 Similiter
284 1261 377 1301 Vlll,
399 1265 450 1294 75.
471 1263 524 1294 τὰν
546 1263 682 1304 ἁμετέραν
704 1264 769 1296 ὁδὸν
789 1265 889 1306 εἷρπον.
933 1265 1047 1307 Neque
1068 1276 1146 1296 vero
1166 1264 1397 1304 comparandus
1419 1269 1470 1294 est
1491 1262 1584 1292 locus
1595 1260 1755 1300 Odysseoe

103 1319 131 1358 Ι,
154 1318 225 1349 193,
248 1318 325 1358 quia
347 1315 394 1345 ibi
415 1315 549 1345 verbum
575 1316 698 1357 ἑρπῦζειν
725 1319 868 1357 positum
892 1325 943 1348 est
970 1319 1010 1348 de
1032 1318 1152 1349 Laerte
1179 1329 1298 1349 sene.
1341 1317 1568 1348 Boissonadus
1589 1319 1756 1354 comparat

104 1371 186 1402 Hor.
199 1370 267 1400 Sat.
290 1368 316 1407 l,
326 1370 355 1401 5.
375 1370 434 1399 25:
459 1368 582 1407 „Milia
603 1376 670 1400 tum
692 1372 803 1411 pransi
822 1372 886 1402 tria
905 1373 1086 1410 repimus“‚
1099 1372 1183 1410 quod
1204 1371 1393 1412 exemplum
1412 1379 1474 1399 non
1496 1374 1604 1406 aptum
1626 1372 1688 1396 est·
1711 1365 1754 1395 cf·

95 1424 152 1455 ·ibi
176 1422 413 1453 adnotationem
436 1421 554 1460 Porph.
578 1421 618 1453 ab
642 1421 772 1453 Orellio
795 1423 1002 1463 adscriptam.
1027 1424 1156 1455 Deinde
1180 1432 1266 1455 recte
1284 1424 1461 1463 praeferunt
1479 1421 1530 1454 σὺν
1551 1418 1599 1452 καὶ
1621 1418 1754 1460 vulgari

105 1475 158 1507 σὺν
178 1473 215 1510 δὲ,
240 1474 328 1514 quia,
351 1472 402 1504 σὺν
423 1472 452 1504 δὲ
472 1474 501 1503 si
522 1475 689 1511 posuisset
706 1473 903 1506 Theocritus
917 1498 927 1513 ‚
957 1486 1076 1506 novum
1104 1475 1240 1506 verbum
1263 1481 1528 1514 exspectaretur:
1558 1483 1643 1502 nunc
1676 1481 1755 1501 vero

102 1527 230 1569 εἷρπομες
257 1526 297 1557 ad
322 1532 491 1567 utramque
513 1526 653 1564 pertinet
672 1527 879 1558 senteutiam.
904 1526 1068 1559 Caeterum
1090 1527 1208 1559 vocula
1230 1528 1282 1561 σὺν
1305 1534 1461 1570 sequente
1485 1524 1533 1558 nai
1557 1524 1645 1556 et'ab
1660 1525 1755 1563 initio

104 1579 234 1619 periodi
256 1578 366 1618 posita
397 1576 633 1607 adverbialiter
663 1584 856 1616 usurpatur,
890 1589 984 1616 quam
1007 1577 1049 1608 ob
1069 1589 1137 1609 rem
1159 1589 1222 1609 non
1245 1590 1328 1620 opus
1353 1590 1428 1610 esse
1451 1579 1597 1616 videtur,
1625 1582 1661 1607 ut
1684 1586 1754 1606 cum

91 1630 216 1672 Apoll.
239 1630 279 1660 de
300 1639 446 1670 pronom.
468 1639 498 1667 p.
521 1630 594 1661 312.
616 1629 778 1660 scribatur
799 1629 866 1671 ἁμὶν
886 1642 943 1670 pro
966 1630 1061 1671 ἄμμιν.

186 1709 229 1743 V.
252 1709 283 1742 6.
327 1709 416 1746 Quid
436 1711 466 1742 ἔκ
487 1711 573 1747 ποδὸς
595 1712 762 1752 significet
783 1712 983 1744 dissentiunt
1004 1714 1213 1754 interpretes.
1257 1711 1417 1743 Erasmus
1436 1708 1542 1750 Adag.
1565 1706 1627 1746 IV,
1646 1708 1678 1738 6.
1700 1707 1753 1738 22.

101 1773 133 1803 p.
151 1763 225 1794 958.
248 1764 343 1800 atque
361 1761 404 1792 H.
428 1762 611 1801 Stephanus
636 1762 798 1795 Thesaur.
820 1762 861 1794 T.
886 1761 946 1802 Ill,
967 1775 998 1804 p.
1022 1766 1093 1797 502.
1116 1765 1158 1795 Il.
1180 1763 1243 1804 (ed.
1267 1765 1372 1804 1572.)
1396 1764 1650 1799 interpretantur
1670 1758 1756 1789 hunc

101 1813 225 1845 Iocum:
249 1813 436 1853 „protinus‚
460 1825 477 1844 e
501 1815 681 1854 vestigio.“
726 1814 854 1845 Pariter
871 1815 938 1854 jam
963 1814 1147 1856 explicavit
1167 1816 1196 1847 ἐκ
1217 1815 1303 1851 ποδὸς
1326 1825 1408 1845 nnus
1431 1811 1571 1844 eSchol·
1595 1809 1755 1842 vocabulo

100 1866 214 1907 ταχέως.
258 1863 324 1895 Sed
346 1863 414 1895 haec
434 1864 633 1907 significatio
657 1866 740 1906 (quae
762 1866 849 1897 cadit
872 1866 905 1896 in
923 1865 995 1897 Bio.
1010 1866 1069 1905 VI,
1091 1870 1121 1900 ’2,
1141 1868 1170 1899 ἐκ
1191 1866 1277 1902 ποδὸς
1299 1866 1376 1905 αὖτῷ
1397 1865 1532 1906 ἕπονται.)
1554 1864 1667 1896 dubito
1679 1864 1754 1905 quin

101 1918 270 1950 conciliari
292 1920 399 1959 possit
421 1930 494 1950 cum
514 1919 614 1951 verbo
637 1921 736 1952 ἀνύειν,
767 1920 830 1952 Vir
849 1922 964 1952 doctus
988 1923 1072 1963 apud
1084 1921 1278 1953 WVartonum
1303 1922 1452 1962 proponit
1472 1922 1565 1958 πέδου,
1588 1932 1657 1963 quae
1679 1929 1754 1950 con-

96 1973 226 2011 jectura
248 1970 339 2013 [m'Bm
363 1973 515 2015 exarata]
539 1974 648 2014 placet
670 1974 818 2005 Grevero
841 1974 1045 2016 (Nacklrt'l'ge
1068 1987 1098 2017 p.
1122 1977 1179 2016 9.),
1200 1977 1267 2015 jam
1291 1975 1459 2015 placuisse
1480 1976 1613 2006 videtur
1634 1972 1754 2004 Binde-

98 2030 215 2051 manno
243 2022 384 2053 vertenti
411 2021 490 2053 Trtct
518 2034 575 2054 aus·
604 2024 672 2055 dem
701 2024 812 2057 Boden
833 2025 954 2057 Iter-vor.
999 2025 1127 2057 Mirum
1144 2033 1250 2056 tamen
1275 2031 1345 2064 est,
1385 2026 1485 2067 quod,
1519 2036 1614 2068 quum
1638 2025 1670 2056 id
1693 2025 1753 2055 vix

98 2073 260 2108 potuisset
282 2073 481 2114 oblitterari,
512 2086 627 2108 omnes
650 2076 730 2109 libri
751 2079 782 2110 ἐκ
802 2078 890 2116 ποδὸς
911 2086 1032 2113 tenent.
1076 2078 1113 2109 In
1137 2090 1201 2121 qua
1223 2077 1361 2120 vulgata
1381 2080 1542 2118 scriptura
1560 2078 1757 2118 explicanda
