1872 2345
808 40 1062 74 -11—

97 129 168 163 Nec
197 128 297 161 aliam
318 127 360 160 ob
383 137 534 160 caussam
563 126 625 159 illa
647 125 811 158 fimbriam
833 126 867 157 in
894 131 1003 165 partes
1033 126 1165 159 videtur
1196 127 1394 167 discerpere.
1438 125 1519 157 Haee
1541 132 1628 159 certe
1653 127 1752 160 inter-

95 187 234 229 pretatio
266 196 338 217 cum
368 186 531 227 proximis
561 185 681 223 optime
713 184 876 222 conspirat
899 182 1063 225 simulque
1088 179 1342 226 epithetojdypt'q)
1374 186 1442 215 vim
1471 184 1581 223 addit,
1612 189 1649 216 ut
1669 195 1755 217 nunc

96 246 228 285 quidem
258 244 415 285 languere
445 243 511 274 dici
540 252 604 273 nou
634 243 778 283 possit-‘⁴
822 241 1152 283 Huicexplicationi
1176 242 1273 283 plura
1293 243 1529 281 adversantur,
1560 245 1594 273 et
1616 244 1756 283 primum

95 303 245 346 quidem,
278 301 381 341 qnod,
414 302 445 331 si
468 310 548 330 vera
571 306 661 330 esset
685 299 753 331 haec
776 310 895 331 caussa
918 298 1056 330 fimbriae
1081 299 1316 340 discerpendae,
1339 306 1406 331 tota
1425 300 1614 331 caerimonia
1635 299 1756 330 fuisset

97 369 351 402 supervacanea.
396 356 526 387 Deinde
555 356 683 399 reliqua
704 357 878 398 exempla,
912 367 982 396 quae
1005 357 1198 396 explanavit
1219 356 1365 387 Vossius
1389 358 1422 387 in
1445 357 1543 399 Virg.
1568 357 1641 389 Ecl.
1663 356 1756 396 vlu,

98 419 151 450 91.
173 427 204 455 p.
228 416 297 446 132.
318 414 367 445 ed.
390 413 433 445 II.
457 415 646 454 ostendunt,
670 426 739 446 rem
761 415 859 446 aliter
882 424 956 445 esse
980 414 1197 454 cogitandam.
1234 412 1342 444 Verba
1365 412 1450 444 haud
1473 414 1569 446 dubie
1591 414 1757 447 cohaerent

96 484 169 504 cum
202 473 264 511 iis,
293 482 363 513 quae
389 473 541 512 proxime
564 473 771 514 praecedunt,
803 473 850 502 ita
871 478 907 502 ut
929 471 1020 501 notio
1043 471 1072 506 ἐς
1092 471 1154 503 τόδε
1175 474 1256 511 δῶμα
1276 471 1400 511 κεράσαι
1421 471 1527 502 denuo
1550 472 1756 511 respicienda

97 530 151 561 sit.
177 528 457 565 Quemadmodum
489 531 576 560 enim
607 529 747 571 Virgilii
772 539 854 570 saga
877 529 1018 569 pignora
1047 527 1108 558 sub
1132 538 1192 558 suo
1216 529 1324 569 ipsius
1348 527 1455 558 limite
1480 528 1624 567 defodit,
1659 540 1755 568 supra

96 587 182 627 quod
203 585 351 625 Daphnis
372 598 482 618 amans
503 588 545 619 ad
567 595 730 619 amantem
751 586 932 625 saepissime
955 586 1147 625 intraverat,
1175 591 1210 616 ut
1230 584 1332 616 limen
1353 586 1482 617 arcanis
1505 585 1634 617 viribus
1654 597 1756 628 vapo-

95 655 168 676 rum
190 646 394 675 terrestrium
418 655 491 675 eum
516 644 678 683 attrahat,
712 645 760 675 sic
784 643 939 674 Simaetha
971 643 1107 674 limbum
1131 644 1322 685 discerpens
1347 650 1379 674 et
1402 645 1474 685 igni
1498 644 1756 676 excandescenti

97 691 346 733 comburendam
369 702 500 732 tradens
521 702 667 742 putanda
682 708 733 733 est
753 702 787 732 id
804 701 1021 742 spectavisse,
1046 707 1081 731 ut
1094 700 1236 742 Delphis
1256 700 1413 732 similiter
1426 702 1534 731 animo
1546 701 1756 739 perturbatus

96 765 129 790 et
152 760 246 800 quasi
267 758 472 789 delaceratus
496 765 591 797 atque
625 758 996 800 flagrantissimo
1016 759 1069 788 sui
1101 768 1210 788 amore
1240 758 1347 788 denuo
1372 764 1542 798 correptus
1568 759 1601 788 in
1624 745 1756 790 domum

97 826 187 846 suam
211 822 243 846 et
265 825 343 845 suos
366 815 542 855 amplexus
566 822 762 845 revertatur.
805 814 921 854 Itaque
944 814 1112 851 epitheton
1135 814 1222 854 ἀγρίῳ
1243 814 1275 844 h.
1296 814 1322 845 l.
1346 824 1411 843 non
1433 813 1584 854 languet,
1607 815 1666 845 sed
1689 816 1757 846 vim

96 876 130 904 et
160 874 313 911 impetum
344 871 511 913 significat
543 873 631 914 ignis
665 872 809 903 Hecates
842 881 904 912 ope
928 881 1023 910 quam
1045 872 1190 902 maxime
1213 871 1397 913 flagrantiS.
1436 870 1489 903 De
1513 872 1587 914 ipso
1610 871 1754 912 epitheto

95 930 276 971 comparari
296 930 404 970 potuit
428 928 563 967 XXIV,
585 931 636 962 90.
658 935 719 961 καῖε
739 928 769 960 δὲ
788 927 854 961 τώδ’
876 927 1049 968 ἀγρίῃσιν
1069 927 1114 960 ἐπὶ
1135 929 1243 969 σχίζῃσι
1263 928 1404 970 δράκοντε.

177 1018 221 1051 V.
243 1021 293 1052 59.
341 1021 466 1057 Θέστυλι,
487 1023 536 1052 νῦν
556 1019 585 1052 δὲ
604 1023 726 1062 λαβοῖσοι
746 1019 780 1052 τὺ
800 1020 838 1052 ’τὰ
858 1020 954 1062 θρόνα
974 1021 1060 1052 ταῦθ’
1083 1019 1229 1060 ὑπόμαξον

335 1080 389 1112 τᾶς
408 1078 482 1117 ’τήνω
504 1080 590 1118 φλιᾶς
610 1077 828 1118 καθυπέρτερον,
851 1075 887 1113 ἇς
907 1076 948 1109 ἔτι
968 1075 1016 1108 καὶ
1036 1080 1085 1109 νῦν

336 1134 366 1165 ἔκ
386 1138 472 1174 θυμῷ
494 1135 610 1175 δέδεμαι,
633 1134 648 1166 ὃ
670 1134 702 1166 δέ
719 1147 770 1175 μευ
791 1134 872 1175 λόγον
894 1134 992 1166 οὐδένα
1012 1139 1092 1172 ποιεῖ’,

337 1189 386 1222 καὶ
406 1191 457 1231 λέγ’
480 1192 678 1232 ἑπιᾳθύζοισα·
699 1191 737 1224 τὰ
758 1192 899 1233 Λέλφιδος
921 1191 1003 1224 ὄστία
1023 1191 1134 1231 μα’σσω.

179 1262 242 1293 Per
262 1262 300 1294 τὰ
320 1265 416 1305 θρόνοι
439 1265 589 1305 equidem
602 1264 686 1294 nihil
697 1264 789 1294 aliud
803 1264 994 1306 intelligere
1004 1274 1150 1305 possum,
1173 1264 1241 1294 nisi
1261 1269 1523 1305 unguentum
1545 1265 1754 1303 quoddam

96 1332 112 1353 s
124 1332 141 1352 a
152 1332 174 1362 g
183 1332 201 1351 a
211 1333 225 1352 ι·
235 1332 256 1351 ιι
265 1332 295 1351 m
319 1334 336 1353 e
345 1334 369 1353 x
392 1334 412 1353 v
421 1334 440 1353 a
450 1323 533 1353 riis
555 1334 571 1352 r
581 1334 597 1352 e
610 1321 629 1353 b
642 1333 661 1352 u
674 1333 689 1352 s
711 1332 727 1352 c
738 1333 756 1352 ο
769 1333 798 1352 m
812 1333 831 1363 p
843 1333 862 1352 o
874 1323 936 1353 sit
948 1333 1008 1352 um
1033 1323 1114 1362 (eine
1125 1320 1362 1362 Zaubermlbe),
1382 1327 1580 1363 quapropter
1599 1324 1754 1361 usurpari

95 1379 228 1409 videtur
250 1388 404 1409 numerus
428 1379 587 1416 pluralis,
620 1380 654 1408 in
678 1389 740 1418 quo
763 1377 890 1409 Kiessl.
914 1380 1063 1410 offendit.
1087 1382 1181 1409 ταῦτα
1203 1382 1322 1416 autem,
1366 1379 1451 1419 quod
1471 1382 1611 1414 δεικτικῶς
1630 1379 1754 1411 dictum

96 1439 158 1474 est,
182 1435 316 1474 indicat,
342 1434 528 1466 Simaetham
548 1436 613 1466 iam
632 1441 816 1474 apparatum
837 1434 923 1467 illud
947 1442 1149 1478 unguentum
1170 1436 1211 1466 ad
1235 1446 1328 1467 sacra
1352 1445 1462 1466 secum
1482 1435 1650 1467 attulisse.
1685 1434 1753 1468 Cur

96 1491 165 1522 haec
185 1502 264 1521 vera
280 1491 360 1522 mihi
382 1493 771 1530 videaturinterpretatio
793 1495 908 1534 paucis
931 1504 1103 1532 exponam.
1126 1493 1201 1524 Non
1223 1493 1407 1534 significari
1428 1492 1498 1524 lac
1510 1497 1643 1524 ertam
1661 1505 1705 1524 co
1716 1505 1752 1524 n-

97 1548 264 1586 tritam,
288 1558 358 1590 quae
370 1547 555 1579 Ahlwardti
580 1550 744 1580 sententia
764 1555 815 1580 est
838 1560 857 1580 a
877 1549 1006 1581 Kiessl.
1028 1549 1175 1589 probata,
1197 1549 1280 1581 bene
1301 1549 1548 1587 demonstravit,
1569 1556 1605 1581 ut
1626 1552 1751 1591 opinor,

92 1605 396 1645 -Wuestemannus,
427 1608 461 1637 in
490 1616 528 1636 eo
561 1609 684 1637 tantum
707 1606 768 1638 ille
789 1606 917 1646 falsus,
951 1608 1037 1650 quod
1060 1608 1163 1647 addit,
1193 1607 1354 1639 Vossium
1377 1614 1503 1649 patrem
1526 1614 1558 1638 et
1586 1608 1694 1640 filium
1714 1608 1752 1641 τὰ

94 1663 190 1704 θρόνα
211 1664 377 1701 accepisse
407 1663 447 1694 de
481 1664 580 1694 sertis
605 1663 660 1694 vel
683 1663 800 1694 florum
820 1663 957 1695 corolla.
996 1664 1069 1696 Hoc
1091 1666 1255 1706 conjicere
1277 1664 1359 1695 mihi
1381 1665 1512 1697 videtur
1534 1665 1679 1707 diligens
1700 1667 1751 1698 iu-

94 1723 218 1758 terpres
241 1731 285 1751 ex
308 1722 495 1761 germanica
517 1719 750 1752 translatione:

178 1775 343 1816 Thestylis.
365 1775 455 1808 Jetzo
478 1777 600 1819 empsalc
622 1778 689 1808 dies
709 1776 1063 1819 Blumengerank,
1091 1779 1156 1810 und
1176 1777 1329 1810 bestreich
1349 1777 1410 1810 ihm

182 1832 287 1864 Ualen
314 1834 366 1864 ‹le'e
389 1834 543 1866 Sclncelle
564 1835 673 1873 dame’t,
696 1844 725 1865 ιι.
747 1845 771 1865 ε.
797 1845 837 1866 w.

197 1888 311 1927 Neque
334 1896 441 1921 tamen
464 1894 553 1922 recte
575 1892 733 1931 conjecit3
765 1900 838 1921 nam
862 1890 1007 1924 Joannes
1028 1892 1203 1923 Heni-icus
1217 1895 1250 1923 et
1269 1891 1434 1922 Henricus
1457 1889 1577 1922 Vossii
1597 1890 1635 1923 τὰ
1654 1891 1750 1933 θρόνα

93 1947 350 1988 interpretantur
370 1946 553 1986 „pubentes
574 1947 693 1979 herbas
706 1970 715 1987 ‚
738 1947 825 1989 nigri
848 1957 921 1979 cum
943 1947 1029 1980 lacte
1053 1950 1208 1981 veneni.“
1229 1948 1272 1980 cf.
1294 1947 1534 1990 Anmerltungen
1555 1948 1619 1979 und
1639 1947 1748 1979 Rand-

92 2003 222 2043 gloseeu
240 2015 273 2045 p.
296 2005 365 2037 169.
387 2007 483 2046 atque
504 2004 581 2036 Not.
602 2006 637 2036 in
655 2004 795 2036 Theocr.
814 2015 847 2045 p.
870 2006 920 2037 14.
961 2006 1007 2037 At
1024 2005 1100 2037 huic
1120 2006 1318 2038 Vossiorum
1337 2007 1599 2045 interpretationi
1616 2004 1747 2036 obstare

94 2060 228 2090 videtur
245 2062 397 2101 primum,
420 2061 504 2100 quod
515 2060 653 2093 Nonnus
667 2061 805 2102 Dionys.
826 2060 1016 2100 xxxvn,
1033 2064 1104 2095 415.
1126 2064 1317 2094 nominatim
1331 2063 1528 2105 distinguit:
1549 2065 1589 2102 πῇ
1608 2061 1748 2103 θρόνοις

90 2118 132 2156 πῇ
151 2117 311 2157 βοτάναι
316 2131 327 2156 ‚-
353 2120 393 2159 πῇ
402 2118 543 2160 φάρμακα
558 2120 672 2153 ποικίλα
686 2120 812 2163 Κίρκης
834 2119 953 2152 deinde
971 2119 1091 2160 obstat,
1108 2121 1195 2164 quod
1205 2119 1609 2163 herbaenonimopoinmoea.
1630 2117 1751 2162 Neque
