<?xml version="1.0" encoding="UTF-8"?>
<!DOCTYPE html PUBLIC "-//W3C//DTD XHTML 1.0 Transitional//EN"
    "http://www.w3.org/TR/xhtml1/DTD/xhtml1-transitional.dtd">
<html xmlns="http://www.w3.org/1999/xhtml" xml:lang="en" lang="en">
 <head>
  <title>
</title>
<meta http-equiv="Content-Type" content="text/html;charset=utf-8" />
  <meta name='ocr-system' content='tesseract 3.04.00' />
  <meta name='ocr-capabilities' content='ocr_page ocr_carea ocr_par ocr_line ocrx_word'/>
</head>
<body>
  <div class='ocr_page' id='page_1' title='image "4624634_0018.png"; bbox 0 0 1872 2345; ppageno 0'>
   <div class='ocr_carea' id='block_1_1' title="bbox 813 54 1067 93">
    <p class='ocr_par' dir='ltr' id='par_1_1' title="bbox 813 54 1067 93">
     <span class='ocr_line' id='line_1_1' title="bbox 813 54 1067 93; baseline 0 -11"><span class='ocrx_word' id='word_1_1' title='bbox 813 54 1067 93; x_wconf 70' lang='lat'>...10-</span> 
     </span>
    </p>
   </div>
   <div class='ocr_carea' id='block_1_2' title="bbox 104 141 1764 1331">
    <p class='ocr_par' dir='ltr' id='par_1_2' title="bbox 104 141 1764 1331">
     <span class='ocr_line' id='line_1_2' title="bbox 104 141 1763 193; baseline 0.001 -17"><span class='ocrx_word' id='word_1_2' title='bbox 104 149 246 188; x_wconf 78' lang='lat' dir='ltr'><strong>quantur</strong></span> <span class='ocrx_word' id='word_1_3' title='bbox 275 142 304 176; x_wconf 81' lang='grc' dir='ltr'><strong>εἴ</strong></span> <span class='ocrx_word' id='word_1_4' title='bbox 318 143 351 176; x_wconf 72' lang='grc' dir='ltr'><strong>τί</strong></span> <span class='ocrx_word' id='word_1_5' title='bbox 365 155 417 185; x_wconf 81' lang='grc' dir='ltr'><strong>περ</strong></span> <span class='ocrx_word' id='word_1_6' title='bbox 439 141 567 185; x_wconf 73' lang='grc' dir='ltr'><strong><em>ἀσφαλὲς</em></strong></span> <span class='ocrx_word' id='word_1_7' title='bbox 587 141 656 176; x_wconf 79' lang='grc' dir='ltr'><em>ἄλλο</em></span> <span class='ocrx_word' id='word_1_8' title='bbox 678 145 857 182; x_wconf 82' lang='lat' dir='ltr'><strong>comparari</strong></span> <span class='ocrx_word' id='word_1_9' title='bbox 887 145 1121 183; x_wconf 85' lang='lat' dir='ltr'><strong>quodammodo</strong></span> <span class='ocrx_word' id='word_1_10' title='bbox 1143 147 1281 184; x_wconf 82' lang='lat' dir='ltr'><strong>possunt</strong></span> <span class='ocrx_word' id='word_1_11' title='bbox 1309 155 1379 176; x_wconf 88' lang='lat' dir='ltr'><strong>cum</strong></span> <span class='ocrx_word' id='word_1_12' title='bbox 1402 145 1449 178; x_wconf 90' lang='lat' dir='ltr'><strong>Id.</strong></span> <span class='ocrx_word' id='word_1_13' title='bbox 1479 148 1547 189; x_wconf 86' lang='lat' dir='ltr'><strong>Vn,</strong></span> <span class='ocrx_word' id='word_1_14' title='bbox 1568 154 1597 184; x_wconf 80' lang='grc'><strong>4,</strong></span> <span class='ocrx_word' id='word_1_15' title='bbox 1621 151 1650 184; x_wconf 56' lang='grc' dir='ltr'><strong>εἴ</strong></span> <span class='ocrx_word' id='word_1_16' title='bbox 1663 152 1695 184; x_wconf 62' lang='grc' dir='ltr'><strong>τί</strong></span> <span class='ocrx_word' id='word_1_17' title='bbox 1710 166 1763 193; x_wconf 69' lang='grc' dir='ltr'><strong>περ</strong></span> 
     </span>
     <span class='ocr_line' id='line_1_3' title="bbox 104 200 1763 244; baseline 0.001 -11"><span class='ocrx_word' id='word_1_18' title='bbox 104 201 208 233; x_wconf 75' lang='grc' dir='ltr'><strong><em>ἐσθλὸν</em></strong></span> <span class='ocrx_word' id='word_1_19' title='bbox 229 205 308 242; x_wconf 77' lang='grc' dir='ltr'><strong><em>χᾳῶν</em></strong></span> <span class='ocrx_word' id='word_1_20' title='bbox 328 205 385 232; x_wconf 71' lang='grc' dir='ltr'><strong>’τῶν</strong></span> <span class='ocrx_word' id='word_1_21' title='bbox 406 201 555 233; x_wconf 75' lang='grc' dir='ltr'><strong>ἐπάνωθεν</strong></span> <span class='ocrx_word' id='word_1_22' title='bbox 578 201 703 241; x_wconf 87' lang='lat' dir='ltr'><strong>(nescio</strong></span> <span class='ocrx_word' id='word_1_23' title='bbox 728 211 785 231; x_wconf 90' lang='lat' dir='ltr'><strong>cur</strong></span> <span class='ocrx_word' id='word_1_24' title='bbox 807 200 1000 232; x_wconf 86' lang='lat' dir='ltr'><strong>Meinekius</strong></span> <span class='ocrx_word' id='word_1_25' title='bbox 1027 207 1152 232; x_wconf 86' lang='lat' dir='ltr'><strong>tantum</strong></span> <span class='ocrx_word' id='word_1_26' title='bbox 1173 201 1206 232; x_wconf 89' lang='lat' dir='ltr'><strong>h.</strong></span> <span class='ocrx_word' id='word_1_27' title='bbox 1231 202 1254 233; x_wconf 88' lang='lat' dir='ltr'><strong>l.</strong></span> <span class='ocrx_word' id='word_1_28' title='bbox 1277 201 1305 234; x_wconf 74' lang='grc' dir='ltr'><strong>εἴ</strong></span> <span class='ocrx_word' id='word_1_29' title='bbox 1320 215 1347 234; x_wconf 82' lang='grc' dir='ltr'><strong>τι</strong></span> <span class='ocrx_word' id='word_1_30' title='bbox 1369 203 1514 244; x_wconf 81' lang='lat' dir='ltr'><strong>divisim,</strong></span> <span class='ocrx_word' id='word_1_31' title='bbox 1537 213 1570 238; x_wconf 81' lang='lat' dir='ltr'><strong>at</strong></span> <span class='ocrx_word' id='word_1_32' title='bbox 1593 207 1637 239; x_wconf 86' lang='grc' dir='ltr'><strong>ΙΙ,</strong></span> <span class='ocrx_word' id='word_1_33' title='bbox 1657 209 1708 241; x_wconf 71' lang='grc'><strong>34,</strong></span> <span class='ocrx_word' id='word_1_34' title='bbox 1730 214 1763 239; x_wconf 78' lang='lat' dir='ltr'><strong>et</strong></span> 
     </span>
     <span class='ocr_line' id='line_1_4' title="bbox 104 258 1763 304; baseline 0.004 -15"><span class='ocrx_word' id='word_1_35' title='bbox 104 259 218 301; x_wconf 83' lang='lat' dir='ltr'><strong>Epigr.</strong></span> <span class='ocrx_word' id='word_1_36' title='bbox 235 258 334 298; x_wconf 81' lang='lat' dir='ltr'><strong>XVI,</strong></span> <span class='ocrx_word' id='word_1_37' title='bbox 356 262 377 291; x_wconf 78' lang='lat'><strong>4</strong></span> <span class='ocrx_word' id='word_1_38' title='bbox 398 258 448 291; x_wconf 71' lang='grc' dir='ltr'><strong>εἴτι</strong></span> <span class='ocrx_word' id='word_1_39' title='bbox 472 259 669 300; x_wconf 85' lang='lat' dir='ltr'><strong>conjunctim</strong></span> <span class='ocrx_word' id='word_1_40' title='bbox 693 259 887 300; x_wconf 73' lang='lat' dir='ltr'><strong>scripserit).</strong></span> <span class='ocrx_word' id='word_1_41' title='bbox 911 258 996 290; x_wconf 86' lang='lat' dir='ltr'><strong>Nam</strong></span> <span class='ocrx_word' id='word_1_42' title='bbox 1015 259 1069 298; x_wconf 82' lang='lat' dir='ltr'><strong>vel</strong></span> <span class='ocrx_word' id='word_1_43' title='bbox 1088 258 1226 290; x_wconf 78' lang='lat' dir='ltr'><strong>Plutone</strong></span> <span class='ocrx_word' id='word_1_44' title='bbox 1243 260 1362 292; x_wconf 79' lang='lat' dir='ltr'><strong>fortius</strong></span> <span class='ocrx_word' id='word_1_45' title='bbox 1381 267 1412 291; x_wconf 91' lang='lat' dir='ltr'><strong>et</strong></span> <span class='ocrx_word' id='word_1_46' title='bbox 1431 265 1601 302; x_wconf 86' lang='lat' dir='ltr'><strong>potentius</strong></span> <span class='ocrx_word' id='word_1_47' title='bbox 1612 267 1763 304; x_wconf 84' lang='lat' dir='ltr'><strong>quiddam</strong></span> 
     </span>
     <span class='ocr_line' id='line_1_5' title="bbox 106 314 1762 359; baseline 0.004 -12"><span class='ocrx_word' id='word_1_48' title='bbox 106 317 245 357; x_wconf 82' lang='lat' dir='ltr'><strong>cogitari</strong></span> <span class='ocrx_word' id='word_1_49' title='bbox 265 320 384 356; x_wconf 74' lang='lat' dir='ltr'><strong>potest,</strong></span> <span class='ocrx_word' id='word_1_50' title='bbox 409 318 439 347; x_wconf 88' lang='lat' dir='ltr'><strong>si</strong></span> <span class='ocrx_word' id='word_1_51' title='bbox 459 317 702 348; x_wconf 84' lang='lat' dir='ltr'><strong>meminerimus</strong></span> <span class='ocrx_word' id='word_1_52' title='bbox 716 315 919 356; x_wconf 79' lang='lat' dir='ltr'><strong>virgiliani:</strong></span> <span class='ocrx_word' id='word_1_53' title='bbox 944 314 1121 354; x_wconf 86' lang='lat' dir='ltr'><strong>„Flectere</strong></span> <span class='ocrx_word' id='word_1_54' title='bbox 1146 317 1175 347; x_wconf 88' lang='lat' dir='ltr'><strong>si</strong></span> <span class='ocrx_word' id='word_1_55' title='bbox 1196 327 1321 359; x_wconf 80' lang='lat' dir='ltr'><strong>nequeo</strong></span> <span class='ocrx_word' id='word_1_56' title='bbox 1334 329 1481 358; x_wconf 87' lang='lat' dir='ltr'><strong>superos,</strong></span> <span class='ocrx_word' id='word_1_57' title='bbox 1500 318 1762 354; x_wconf 81' lang='lat' dir='ltr'><strong>Acherontamo-</strong></span> 
     </span>
     <span class='ocr_line' id='line_1_6' title="bbox 107 372 1764 418; baseline 0.002 -14"><span class='ocrx_word' id='word_1_58' title='bbox 107 372 278 404; x_wconf 87' lang='lat' dir='ltr'><strong>vebo.“—</strong></span> <span class='ocrx_word' id='word_1_59' title='bbox 295 373 407 405; x_wconf 89' lang='lat' dir='ltr'><strong>Verba</strong></span> <span class='ocrx_word' id='word_1_60' title='bbox 423 373 472 406; x_wconf 73' lang='grc' dir='ltr'><strong>ταὶ</strong></span> <span class='ocrx_word' id='word_1_61' title='bbox 494 375 571 409; x_wconf 77' lang='grc' dir='ltr'><strong><em>κύνες</em></strong></span> <span class='ocrx_word' id='word_1_62' title='bbox 592 375 753 412; x_wconf 87' lang='lat' dir='ltr'><strong>accipiunt</strong></span> <span class='ocrx_word' id='word_1_63' title='bbox 774 379 807 403; x_wconf 90' lang='lat' dir='ltr'><strong>et</strong></span> <span class='ocrx_word' id='word_1_64' title='bbox 832 372 1016 403; x_wconf 79' lang='lat' dir='ltr'><strong>Wuestem.</strong></span> <span class='ocrx_word' id='word_1_65' title='bbox 1042 376 1075 403; x_wconf 81' lang='lat' dir='ltr'><strong>et</strong></span> <span class='ocrx_word' id='word_1_66' title='bbox 1097 372 1225 404; x_wconf 85' lang='lat' dir='ltr'><strong>Kiessl.</strong></span> <span class='ocrx_word' id='word_1_67' title='bbox 1251 374 1296 415; x_wconf 92' lang='lat' dir='ltr'><strong>(in</strong></span> <span class='ocrx_word' id='word_1_68' title='bbox 1318 386 1349 406; x_wconf 83' lang='lat' dir='ltr'><strong>v.</strong></span> <span class='ocrx_word' id='word_1_69' title='bbox 1374 377 1435 417; x_wconf 72' lang='lat'>12.)</span> <span class='ocrx_word' id='word_1_70' title='bbox 1460 377 1497 407; x_wconf 91' lang='lat' dir='ltr'><strong>de</strong></span> <span class='ocrx_word' id='word_1_71' title='bbox 1519 377 1667 417; x_wconf 86' lang='lat' dir='ltr'><strong>canibus,</strong></span> <span class='ocrx_word' id='word_1_72' title='bbox 1691 382 1764 418; x_wconf 85' lang='lat' dir='ltr'><strong>qui</strong></span> 
     </span>
     <span class='ocr_line' id='line_1_7' title="bbox 105 429 1764 472; baseline 0.002 -11"><span class='ocrx_word' id='word_1_73' title='bbox 105 430 223 461; x_wconf 85' lang='lat' dir='ltr'><strong>forte</strong></span> <span class='ocrx_word' id='word_1_74' title='bbox 246 442 323 472; x_wconf 86' lang='lat' dir='ltr'><strong>per</strong></span> <span class='ocrx_word' id='word_1_75' title='bbox 345 431 494 463; x_wconf 80' lang='lat' dir='ltr'><strong>urbem</strong></span> <span class='ocrx_word' id='word_1_76' title='bbox 516 437 739 472; x_wconf 84' lang='lat' dir='ltr'><strong>vagantur.</strong></span> <span class='ocrx_word' id='word_1_77' title='bbox 784 429 819 461; x_wconf 92' lang='lat' dir='ltr'><strong>Id</strong></span> <span class='ocrx_word' id='word_1_78' title='bbox 842 431 1014 472; x_wconf 78' lang='lat' dir='ltr'><strong>quominus</strong></span> <span class='ocrx_word' id='word_1_79' title='bbox 1038 434 1184 461; x_wconf 79' lang='lat' dir='ltr'><strong>sumatur</strong></span> <span class='ocrx_word' id='word_1_80' title='bbox 1207 432 1368 471; x_wconf 88' lang='lat' dir='ltr'><strong>impedire</strong></span> <span class='ocrx_word' id='word_1_81' title='bbox 1392 433 1521 464; x_wconf 84' lang='lat' dir='ltr'><strong>videtur</strong></span> <span class='ocrx_word' id='word_1_82' title='bbox 1544 435 1614 467; x_wconf 64' lang='grc' dir='ltr'><strong>ἀνὰ</strong></span> <span class='ocrx_word' id='word_1_83' title='bbox 1634 436 1764 468; x_wconf 60' lang='grc' dir='ltr'><strong><em>πτόλιν</em></strong></span> 
     </span>
     <span class='ocr_line' id='line_1_8' title="bbox 106 485 1762 533; baseline 0.005 -16"><span class='ocrx_word' id='word_1_84' title='bbox 106 485 187 529; x_wconf 92' lang='lat' dir='ltr'><strong>[non</strong></span> <span class='ocrx_word' id='word_1_85' title='bbox 210 488 287 520; x_wconf 83' lang='grc' dir='ltr'><strong><em>κατὰ</em></strong></span> <span class='ocrx_word' id='word_1_86' title='bbox 307 489 404 521; x_wconf 75' lang='grc' dir='ltr'><strong><em>πτόλιν</em></strong></span> <span class='ocrx_word' id='word_1_87' title='bbox 426 487 661 530; x_wconf 82' lang='lat' dir='ltr'><strong>dixitpoeta,]‚</strong></span> <span class='ocrx_word' id='word_1_88' title='bbox 685 488 718 518; x_wconf 90' lang='lat' dir='ltr'><strong>id</strong></span> <span class='ocrx_word' id='word_1_89' title='bbox 736 488 821 530; x_wconf 89' lang='lat' dir='ltr'><strong>quod</strong></span> <span class='ocrx_word' id='word_1_90' title='bbox 842 493 992 518; x_wconf 83' lang='lat' dir='ltr'><strong>accurata</strong></span> <span class='ocrx_word' id='word_1_91' title='bbox 1014 487 1085 517; x_wconf 78' lang='lat' dir='ltr'><strong>veri</strong></span> <span class='ocrx_word' id='word_1_92' title='bbox 1104 486 1334 519; x_wconf 80' lang='lat' dir='ltr'><strong>observatione</strong></span> <span class='ocrx_word' id='word_1_93' title='bbox 1356 489 1476 522; x_wconf 88' lang='lat' dir='ltr'><strong>dictum</strong></span> <span class='ocrx_word' id='word_1_94' title='bbox 1496 492 1676 533; x_wconf 83' lang='lat' dir='ltr'><strong>significat,</strong></span> <span class='ocrx_word' id='word_1_95' title='bbox 1698 504 1762 524; x_wconf 92' lang='lat' dir='ltr'><strong>uno</strong></span> 
     </span>
     <span class='ocr_line' id='line_1_9' title="bbox 106 545 1763 593; baseline 0.005 -19"><span class='ocrx_word' id='word_1_96' title='bbox 106 554 185 575; x_wconf 82' lang='lat' dir='ltr'><strong>cane</strong></span> <span class='ocrx_word' id='word_1_97' title='bbox 208 545 350 576; x_wconf 84' lang='lat' dir='ltr'><strong>latrante</strong></span> <span class='ocrx_word' id='word_1_98' title='bbox 374 547 545 587; x_wconf 79' lang='lat' dir='ltr'><strong>proximos</strong></span> <span class='ocrx_word' id='word_1_99' title='bbox 568 546 695 576; x_wconf 77' lang='lat' dir='ltr'><strong>vicinos</strong></span> <span class='ocrx_word' id='word_1_100' title='bbox 720 556 817 576; x_wconf 85' lang='lat' dir='ltr'><strong>canes</strong></span> <span class='ocrx_word' id='word_1_101' title='bbox 848 549 880 576; x_wconf 88' lang='lat' dir='ltr'><strong>et</strong></span> <span class='ocrx_word' id='word_1_102' title='bbox 909 546 956 575; x_wconf 85' lang='lat' dir='ltr'><strong>sic</strong></span> <span class='ocrx_word' id='word_1_103' title='bbox 980 545 1134 585; x_wconf 83' lang='lat' dir='ltr'><strong>deinceps</strong></span> <span class='ocrx_word' id='word_1_104' title='bbox 1159 555 1270 575; x_wconf 84' lang='lat' dir='ltr'><strong>omnes</strong></span> <span class='ocrx_word' id='word_1_105' title='bbox 1293 546 1327 575; x_wconf 86' lang='lat' dir='ltr'><strong>in</strong></span> <span class='ocrx_word' id='word_1_106' title='bbox 1353 548 1504 580; x_wconf 83' lang='lat' dir='ltr'><strong>omnibus</strong></span> <span class='ocrx_word' id='word_1_107' title='bbox 1530 550 1680 582; x_wconf 80' lang='lat' dir='ltr'><strong>domibus</strong></span> <span class='ocrx_word' id='word_1_108' title='bbox 1703 562 1763 593; x_wconf 88' lang='lat' dir='ltr'><strong>per</strong></span> 
     </span>
     <span class='ocr_line' id='line_1_10' title="bbox 106 601 1764 650; baseline 0.004 -18"><span class='ocrx_word' id='word_1_109' title='bbox 106 604 207 634; x_wconf 81' lang='lat' dir='ltr'><strong>totam</strong></span> <span class='ocrx_word' id='word_1_110' title='bbox 224 603 338 635; x_wconf 89' lang='lat' dir='ltr'><strong>urbem</strong></span> <span class='ocrx_word' id='word_1_111' title='bbox 354 605 505 635; x_wconf 81' lang='lat' dir='ltr'><strong>excitari.</strong></span> <span class='ocrx_word' id='word_1_112' title='bbox 530 604 571 634; x_wconf 86' lang='lat' dir='ltr'><strong>cf.</strong></span> <span class='ocrx_word' id='word_1_113' title='bbox 583 603 695 634; x_wconf 84' lang='lat' dir='ltr'><strong>Herm.</strong></span> <span class='ocrx_word' id='word_1_114' title='bbox 705 602 829 644; x_wconf 83' lang='lat' dir='ltr'><strong>Opusc.</strong></span> <span class='ocrx_word' id='word_1_115' title='bbox 846 602 888 634; x_wconf 86' lang='lat' dir='ltr'><strong>V.</strong></span> <span class='ocrx_word' id='word_1_116' title='bbox 907 614 937 642; x_wconf 82' lang='lat'><strong>1).</strong></span> <span class='ocrx_word' id='word_1_117' title='bbox 956 604 1006 635; x_wconf 79' lang='lat'><strong>41.</strong></span> <span class='ocrx_word' id='word_1_118' title='bbox 1019 621 1061 625; x_wconf 92' lang='lat'><strong>--</strong></span> <span class='ocrx_word' id='word_1_119' title='bbox 1075 601 1183 633; x_wconf 85' lang='lat' dir='ltr'><strong>Verba</strong></span> <span class='ocrx_word' id='word_1_120' title='bbox 1204 602 1224 634; x_wconf 81' lang='grc' dir='ltr'><strong><em>ἁ</em></strong></span> <span class='ocrx_word' id='word_1_121' title='bbox 1242 602 1311 639; x_wconf 78' lang='grc' dir='ltr'><strong>θεὸς</strong></span> <span class='ocrx_word' id='word_1_122' title='bbox 1323 606 1420 635; x_wconf 82' lang='lat' dir='ltr'><strong>vertit</strong></span> <span class='ocrx_word' id='word_1_123' title='bbox 1439 605 1622 639; x_wconf 50' lang='lat' dir='ltr'><strong>iVuestem.</strong></span> <span class='ocrx_word' id='word_1_124' title='bbox 1639 609 1676 648; x_wconf 93' lang='lat' dir='ltr'><strong>„i</strong></span> <span class='ocrx_word' id='word_1_125' title='bbox 1689 620 1708 650; x_wconf 87' lang='lat' dir='ltr'><strong>p</strong></span> <span class='ocrx_word' id='word_1_126' title='bbox 1720 620 1764 640; x_wconf 89' lang='lat' dir='ltr'><strong>sa</strong></span> 
     </span>
     <span class='ocr_line' id='line_1_11' title="bbox 106 659 1762 705; baseline 0.007 -15"><span class='ocrx_word' id='word_1_127' title='bbox 106 660 170 691; x_wconf 87' lang='lat' dir='ltr'><strong>dea</strong></span> <span class='ocrx_word' id='word_1_128' title='bbox 181 662 249 701; x_wconf 76' lang='lat' dir='ltr'><strong>jain</strong></span> <span class='ocrx_word' id='word_1_129' title='bbox 268 662 398 701; x_wconf 73' lang='lat' dir='ltr'><strong>adest‚“</strong></span> <span class='ocrx_word' id='word_1_130' title='bbox 420 665 452 692; x_wconf 86' lang='lat' dir='ltr'><strong>et</strong></span> <span class='ocrx_word' id='word_1_131' title='bbox 470 662 580 692; x_wconf 82' lang='lat' dir='ltr'><strong>addit:</strong></span> <span class='ocrx_word' id='word_1_132' title='bbox 599 661 703 700; x_wconf 62' lang='lat' dir='ltr'><strong>„llaec</strong></span> <span class='ocrx_word' id='word_1_133' title='bbox 721 664 772 691; x_wconf 83' lang='lat' dir='ltr'><strong>est</strong></span> <span class='ocrx_word' id='word_1_134' title='bbox 786 662 837 691; x_wconf 74' lang='lat' dir='ltr'><strong>vis</strong></span> <span class='ocrx_word' id='word_1_135' title='bbox 856 660 999 691; x_wconf 82' lang='lat' dir='ltr'><strong>articuli.</strong></span> <span class='ocrx_word' id='word_1_136' title='bbox 1024 659 1103 690; x_wconf 83' lang='lat' dir='ltr'><strong>Vid.</strong></span> <span class='ocrx_word' id='word_1_137' title='bbox 1117 660 1220 690; x_wconf 71' lang='lat' dir='ltr'><strong>Seidk</strong></span> <span class='ocrx_word' id='word_1_138' title='bbox 1230 661 1269 691; x_wconf 86' lang='lat' dir='ltr'><strong>ad</strong></span> <span class='ocrx_word' id='word_1_139' title='bbox 1281 660 1506 705; x_wconf 86' lang='lat' dir='ltr'><strong>Eurip.lphig.</strong></span> <span class='ocrx_word' id='word_1_140' title='bbox 1525 664 1625 699; x_wconf 82' lang='lat' dir='ltr'><strong>Taur.</strong></span> <span class='ocrx_word' id='word_1_141' title='bbox 1645 670 1762 702; x_wconf 70' lang='lat'>1402.“</span> 
     </span>
     <span class='ocr_line' id='line_1_12' title="bbox 106 717 1764 763; baseline 0.006 -14"><span class='ocrx_word' id='word_1_142' title='bbox 106 718 152 749; x_wconf 84' lang='lat' dir='ltr'><strong>At</strong></span> <span class='ocrx_word' id='word_1_143' title='bbox 175 718 256 748; x_wconf 89' lang='lat' dir='ltr'><strong>mihi</strong></span> <span class='ocrx_word' id='word_1_144' title='bbox 277 720 408 760; x_wconf 87' lang='lat' dir='ltr'><strong>quidem</strong></span> <span class='ocrx_word' id='word_1_145' title='bbox 430 730 494 749; x_wconf 94' lang='lat' dir='ltr'><strong>non</strong></span> <span class='ocrx_word' id='word_1_146' title='bbox 516 719 646 749; x_wconf 76' lang='lat' dir='ltr'><strong>videtur</strong></span> <span class='ocrx_word' id='word_1_147' title='bbox 669 719 892 749; x_wconf 85' lang='lat' dir='ltr'><strong>necessarium</strong></span> <span class='ocrx_word' id='word_1_148' title='bbox 915 728 1001 756; x_wconf 85' lang='lat' dir='ltr'><strong>esse,</strong></span> <span class='ocrx_word' id='word_1_149' title='bbox 1025 723 1061 747; x_wconf 90' lang='lat' dir='ltr'><strong>ut</strong></span> <span class='ocrx_word' id='word_1_150' title='bbox 1083 717 1243 748; x_wconf 80' lang='lat' dir='ltr'><strong>articulus</strong></span> <span class='ocrx_word' id='word_1_151' title='bbox 1266 721 1434 757; x_wconf 79' lang='lat' dir='ltr'><strong>tantopere</strong></span> <span class='ocrx_word' id='word_1_152' title='bbox 1458 727 1628 762; x_wconf 84' lang='lat' dir='ltr'><strong>urgeatur.</strong></span> <span class='ocrx_word' id='word_1_153' title='bbox 1651 726 1670 757; x_wconf 86' lang='grc' dir='ltr'><strong><em>ἁ</em></strong></span> <span class='ocrx_word' id='word_1_154' title='bbox 1693 727 1764 763; x_wconf 76' lang='grc' dir='ltr'><strong>θεὸς</strong></span> 
     </span>
     <span class='ocr_line' id='line_1_13' title="bbox 108 774 1762 816; baseline 0.005 -11"><span class='ocrx_word' id='word_1_155' title='bbox 108 774 301 816; x_wconf 83' lang='lat' dir='ltr'><strong>simpliliter</strong></span> <span class='ocrx_word' id='word_1_156' title='bbox 323 782 391 807; x_wconf 87' lang='lat' dir='ltr'><strong>est:</strong></span> <span class='ocrx_word' id='word_1_157' title='bbox 426 777 488 807; x_wconf 85' lang='lat' dir='ltr'><strong>dea</strong></span> <span class='ocrx_word' id='word_1_158' title='bbox 512 776 563 807; x_wconf 74' lang='lat' dir='ltr'><strong>die</strong></span> <span class='ocrx_word' id='word_1_159' title='bbox 586 775 729 815; x_wconf 74' lang='grc' dir='ltr'><strong>(ἶὸιίίηη,</strong></span> <span class='ocrx_word' id='word_1_160' title='bbox 759 787 797 806; x_wconf 85' lang='lat' dir='ltr'><strong>ea</strong></span> <span class='ocrx_word' id='word_1_161' title='bbox 823 776 977 806; x_wconf 84' lang='lat' dir='ltr'><strong>nimirum</strong></span> <span class='ocrx_word' id='word_1_162' title='bbox 1010 774 1050 805; x_wconf 90' lang='lat' dir='ltr'><strong>de</strong></span> <span class='ocrx_word' id='word_1_163' title='bbox 1074 785 1134 813; x_wconf 82' lang='lat' dir='ltr'><strong>qua</strong></span> <span class='ocrx_word' id='word_1_164' title='bbox 1166 786 1272 805; x_wconf 83' lang='lat' dir='ltr'><strong>sermo</strong></span> <span class='ocrx_word' id='word_1_165' title='bbox 1302 782 1363 806; x_wconf 80' lang='lat' dir='ltr'><strong>est.</strong></span> <span class='ocrx_word' id='word_1_166' title='bbox 1397 776 1433 807; x_wconf 95' lang='lat' dir='ltr'><strong>ln</strong></span> <span class='ocrx_word' id='word_1_167' title='bbox 1457 777 1529 809; x_wconf 89' lang='lat' dir='ltr'><strong>loco</strong></span> <span class='ocrx_word' id='word_1_168' title='bbox 1552 781 1652 812; x_wconf 85' lang='lat' dir='ltr'><strong>citato</strong></span> <span class='ocrx_word' id='word_1_169' title='bbox 1676 782 1762 814; x_wconf 92' lang='lat' dir='ltr'><strong>haud</strong></span> 
     </span>
     <span class='ocr_line' id='line_1_14' title="bbox 109 831 1763 879; baseline 0.005 -18"><span class='ocrx_word' id='word_1_170' title='bbox 109 832 208 862; x_wconf 87' lang='lat' dir='ltr'><strong>dubie</strong></span> <span class='ocrx_word' id='word_1_171' title='bbox 232 834 319 863; x_wconf 87' lang='lat' dir='ltr'><strong>inest</strong></span> <span class='ocrx_word' id='word_1_172' title='bbox 342 843 434 863; x_wconf 89' lang='lat' dir='ltr'><strong>error</strong></span> <span class='ocrx_word' id='word_1_173' title='bbox 456 844 644 871; x_wconf 86' lang='lat' dir='ltr'><strong>operarum;</strong></span> <span class='ocrx_word' id='word_1_174' title='bbox 668 844 741 863; x_wconf 84' lang='lat' dir='ltr'><strong>nam</strong></span> <span class='ocrx_word' id='word_1_175' title='bbox 762 832 934 863; x_wconf 85' lang='lat' dir='ltr'><strong>Seidlerus</strong></span> <span class='ocrx_word' id='word_1_176' title='bbox 956 831 1003 861; x_wconf 89' lang='lat' dir='ltr'><strong>ibi</strong></span> <span class='ocrx_word' id='word_1_177' title='bbox 1024 832 1158 861; x_wconf 87' lang='lat' dir='ltr'><strong>disserit</strong></span> <span class='ocrx_word' id='word_1_178' title='bbox 1183 833 1221 862; x_wconf 88' lang='lat' dir='ltr'><strong>de</strong></span> <span class='ocrx_word' id='word_1_179' title='bbox 1244 831 1290 863; x_wconf 82' lang='grc' dir='ltr'><strong>ὅδε</strong></span> <span class='ocrx_word' id='word_1_180' title='bbox 1311 836 1511 873; x_wconf 87' lang='lat' dir='ltr'><strong>pronomine.</strong></span> <span class='ocrx_word' id='word_1_181' title='bbox 1534 855 1577 860; x_wconf 89' lang='lat'>—</span> <span class='ocrx_word' id='word_1_182' title='bbox 1595 837 1628 869; x_wconf 69' lang='grc' dir='ltr'><strong>τὸ</strong></span> <span class='ocrx_word' id='word_1_183' title='bbox 1649 839 1763 879; x_wconf 79' lang='grc' dir='ltr'><em>χάλκιον</em></span> 
     </span>
     <span class='ocr_line' id='line_1_15' title="bbox 108 889 1762 933; baseline 0.004 -11"><span class='ocrx_word' id='word_1_184' title='bbox 108 890 148 926; x_wconf 78' lang='grc' dir='ltr'><strong>ὠ,-</strong></span> <span class='ocrx_word' id='word_1_185' title='bbox 167 890 255 932; x_wconf 63' lang='lat' dir='ltr'><strong>nixos·</strong></span> <span class='ocrx_word' id='word_1_186' title='bbox 276 889 344 931; x_wconf 78' lang='grc' dir='ltr'><em>ἄχει.</em></span> <span class='ocrx_word' id='word_1_187' title='bbox 387 889 631 931; x_wconf 73' lang='lat' dir='ltr'><strong>Cymbalorum,</strong></span> <span class='ocrx_word' id='word_1_188' title='bbox 654 902 725 932; x_wconf 69' lang='lat' dir='ltr'><strong>quze</strong></span> <span class='ocrx_word' id='word_1_189' title='bbox 744 892 776 921; x_wconf 92' lang='lat' dir='ltr'><strong>in</strong></span> <span class='ocrx_word' id='word_1_190' title='bbox 797 891 900 921; x_wconf 86' lang='lat' dir='ltr'><strong>sacris</strong></span> <span class='ocrx_word' id='word_1_191' title='bbox 922 890 992 920; x_wconf 90' lang='lat' dir='ltr'><strong>suis</strong></span> <span class='ocrx_word' id='word_1_192' title='bbox 1008 889 1309 930; x_wconf 84' lang='lat' dir='ltr'><strong>pulsarijusserint</strong></span> <span class='ocrx_word' id='word_1_193' title='bbox 1332 901 1432 933; x_wconf 76' lang='lat' dir='ltr'><strong>sagae,</strong></span> <span class='ocrx_word' id='word_1_194' title='bbox 1456 892 1537 924; x_wconf 83' lang='lat' dir='ltr'><strong>hanc</strong></span> <span class='ocrx_word' id='word_1_195' title='bbox 1549 894 1656 927; x_wconf 91' lang='lat' dir='ltr'><strong>fuisse</strong></span> <span class='ocrx_word' id='word_1_196' title='bbox 1669 907 1762 928; x_wconf 85' lang='lat' dir='ltr'><strong>caus-</strong></span> 
     </span>
     <span class='ocr_line' id='line_1_16' title="bbox 109 945 1761 986; baseline 0.004 -8"><span class='ocrx_word' id='word_1_197' title='bbox 109 958 178 978; x_wconf 89' lang='lat' dir='ltr'><strong>sam</strong></span> <span class='ocrx_word' id='word_1_198' title='bbox 202 949 318 978; x_wconf 80' lang='lat' dir='ltr'><strong>statuit</strong></span> <span class='ocrx_word' id='word_1_199' title='bbox 340 947 546 986; x_wconf 58' lang='lat' dir='ltr'><strong>W&#39;uestern.,</strong></span> <span class='ocrx_word' id='word_1_200' title='bbox 577 954 620 978; x_wconf 88' lang='lat' dir='ltr'><strong>ut</strong></span> <span class='ocrx_word' id='word_1_201' title='bbox 641 948 744 978; x_wconf 88' lang='lat' dir='ltr'><strong>deae</strong></span> <span class='ocrx_word' id='word_1_202' title='bbox 767 949 945 978; x_wconf 87' lang='lat' dir='ltr'><strong>animum</strong></span> <span class='ocrx_word' id='word_1_203' title='bbox 968 945 1038 976; x_wconf 88' lang='lat' dir='ltr'><strong>vel</strong></span> <span class='ocrx_word' id='word_1_204' title='bbox 1061 946 1341 977; x_wconf 85' lang='lat' dir='ltr'><strong>deficientem</strong></span> <span class='ocrx_word' id='word_1_205' title='bbox 1363 948 1432 979; x_wconf 86' lang='lat' dir='ltr'><strong>vel</strong></span> <span class='ocrx_word' id='word_1_206' title='bbox 1456 950 1503 980; x_wconf 90' lang='lat' dir='ltr'><strong>ad</strong></span> <span class='ocrx_word' id='word_1_207' title='bbox 1533 961 1658 983; x_wconf 85' lang='lat' dir='ltr'><strong>sacra</strong></span> <span class='ocrx_word' id='word_1_208' title='bbox 1680 963 1761 985; x_wconf 90' lang='lat' dir='ltr'><strong>non</strong></span> 
     </span>
     <span class='ocr_line' id='line_1_17' title="bbox 109 1003 1762 1047; baseline 0.005 -11"><span class='ocrx_word' id='word_1_209' title='bbox 109 1009 321 1037; x_wconf 85' lang='lat' dir='ltr'><strong>attentum</strong></span> <span class='ocrx_word' id='word_1_210' title='bbox 350 1005 398 1035; x_wconf 88' lang='lat' dir='ltr'><strong>ad</strong></span> <span class='ocrx_word' id='word_1_211' title='bbox 428 1016 472 1036; x_wconf 85' lang='lat' dir='ltr'><strong>se</strong></span> <span class='ocrx_word' id='word_1_212' title='bbox 502 1005 808 1036; x_wconf 85' lang='lat' dir='ltr'><strong>adverterent.</strong></span> <span class='ocrx_word' id='word_1_213' title='bbox 854 1003 1082 1035; x_wconf 74' lang='lat' dir='ltr'><strong>Verisimilior</strong></span> <span class='ocrx_word' id='word_1_214' title='bbox 1104 1005 1235 1035; x_wconf 85' lang='lat' dir='ltr'><strong>videtur</strong></span> <span class='ocrx_word' id='word_1_215' title='bbox 1254 1007 1418 1037; x_wconf 82' lang='lat' dir='ltr'><strong>sententia</strong></span> <span class='ocrx_word' id='word_1_216' title='bbox 1448 1007 1501 1037; x_wconf 84' lang='lat' dir='ltr'><strong>vel</strong></span> <span class='ocrx_word' id='word_1_217' title='bbox 1526 1008 1705 1047; x_wconf 80' lang='lat' dir='ltr'><strong>Sophronis</strong></span> <span class='ocrx_word' id='word_1_218' title='bbox 1728 1013 1762 1044; x_wconf 90' lang='lat' dir='ltr'><strong>in</strong></span> 
     </span>
     <span class='ocr_line' id='line_1_18' title="bbox 110 1062 1763 1109; baseline 0.004 -16"><span class='ocrx_word' id='word_1_219' title='bbox 110 1064 221 1093; x_wconf 80' lang='lat' dir='ltr'><strong>Schol.</strong></span> <span class='ocrx_word' id='word_1_220' title='bbox 246 1065 280 1093; x_wconf 89' lang='lat' dir='ltr'><strong>in</strong></span> <span class='ocrx_word' id='word_1_221' title='bbox 297 1062 520 1102; x_wconf 47' lang='lat' dir='ltr'><strong>Lycophrona</strong></span> <span class='ocrx_word' id='word_1_222' title='bbox 544 1063 600 1094; x_wconf 72' lang='grc' dir='ltr'><em>λύει,</em></span> <span class='ocrx_word' id='word_1_223' title='bbox 620 1063 658 1094; x_wconf 77' lang='grc' dir='ltr'><strong>τὰ</strong></span> <span class='ocrx_word' id='word_1_224' title='bbox 680 1063 873 1103; x_wconf 71' lang='grc' dir='ltr'><em>φαντάσματα</em></span> <span class='ocrx_word' id='word_1_225' title='bbox 895 1086 901 1093; x_wconf 94' lang='grc'><strong>.</strong></span> <span class='ocrx_word' id='word_1_226' title='bbox 924 1086 930 1093; x_wconf 93' lang='grc'><em>.</em></span> <span class='ocrx_word' id='word_1_227' title='bbox 952 1086 959 1093; x_wconf 91' lang='grc'><strong>.</strong></span> <span class='ocrx_word' id='word_1_228' title='bbox 979 1062 1084 1103; x_wconf 71' lang='grc' dir='ltr'><strong><em>χαλκὸς</em></strong></span> <span class='ocrx_word' id='word_1_229' title='bbox 1104 1063 1267 1103; x_wconf 73' lang='grc' dir='ltr'><strong>κροτηθείς.,</strong></span> <span class='ocrx_word' id='word_1_230' title='bbox 1291 1063 1343 1093; x_wconf 87' lang='lat' dir='ltr'><strong>vel</strong></span> <span class='ocrx_word' id='word_1_231' title='bbox 1356 1064 1494 1095; x_wconf 87' lang='lat' dir='ltr'><strong>Arnobii</strong></span> <span class='ocrx_word' id='word_1_232' title='bbox 1515 1065 1604 1106; x_wconf 83' lang='lat' dir='ltr'>(VH.</span> <span class='ocrx_word' id='word_1_233' title='bbox 1628 1077 1660 1107; x_wconf 89' lang='lat' dir='ltr'><strong>p.</strong></span> <span class='ocrx_word' id='word_1_234' title='bbox 1678 1069 1763 1109; x_wconf 78' lang='lat'>237.)</span> 
     </span>
     <span class='ocr_line' id='line_1_19' title="bbox 109 1118 1761 1167; baseline 0.004 -17"><span class='ocrx_word' id='word_1_235' title='bbox 109 1122 285 1158; x_wconf 84' lang='lat' dir='ltr'><strong>monentis,</strong></span> <span class='ocrx_word' id='word_1_236' title='bbox 317 1119 476 1159; x_wconf 78' lang='lat' dir='ltr'><strong>cymbalis</strong></span> <span class='ocrx_word' id='word_1_237' title='bbox 509 1120 549 1150; x_wconf 90' lang='lat' dir='ltr'><strong>ad</strong></span> <span class='ocrx_word' id='word_1_238' title='bbox 574 1121 702 1159; x_wconf 88' lang='lat' dir='ltr'><strong>justum</strong></span> <span class='ocrx_word' id='word_1_239' title='bbox 732 1118 917 1158; x_wconf 73' lang='lat' dir='ltr'><strong>rhythmum</strong></span> <span class='ocrx_word' id='word_1_240' title='bbox 951 1119 1124 1160; x_wconf 81' lang='lat' dir='ltr'><strong>pulsandis</strong></span> <span class='ocrx_word' id='word_1_241' title='bbox 1154 1120 1287 1150; x_wconf 87' lang='lat' dir='ltr'><strong>deorum</strong></span> <span class='ocrx_word' id='word_1_242' title='bbox 1318 1121 1574 1162; x_wconf 83' lang='lat' dir='ltr'><strong>indignationem</strong></span> <span class='ocrx_word' id='word_1_243' title='bbox 1604 1126 1761 1167; x_wconf 84' lang='lat' dir='ltr'><strong>mitigari.</strong></span> 
     </span>
     <span class='ocr_line' id='line_1_20' title="bbox 111 1175 1763 1220; baseline 0.001 -12"><span class='ocrx_word' id='word_1_244' title='bbox 111 1177 266 1208; x_wconf 79' lang='lat' dir='ltr'><strong>Ceterum</strong></span> <span class='ocrx_word' id='word_1_245' title='bbox 293 1178 470 1207; x_wconf 86' lang='lat' dir='ltr'><strong>transitiva</strong></span> <span class='ocrx_word' id='word_1_246' title='bbox 494 1177 737 1218; x_wconf 86' lang='lat' dir='ltr'><strong>significatione</strong></span> <span class='ocrx_word' id='word_1_247' title='bbox 762 1175 896 1206; x_wconf 84' lang='lat' dir='ltr'><strong>verbum</strong></span> <span class='ocrx_word' id='word_1_248' title='bbox 919 1177 992 1217; x_wconf 76' lang='grc' dir='ltr'><em>ἠχεῖν</em></span> <span class='ocrx_word' id='word_1_249' title='bbox 1016 1178 1113 1207; x_wconf 85' lang='lat' dir='ltr'><strong>etiam</strong></span> <span class='ocrx_word' id='word_1_250' title='bbox 1135 1178 1278 1217; x_wconf 86' lang='lat' dir='ltr'><strong>positum</strong></span> <span class='ocrx_word' id='word_1_251' title='bbox 1301 1184 1352 1207; x_wconf 86' lang='lat' dir='ltr'><strong>est</strong></span> <span class='ocrx_word' id='word_1_252' title='bbox 1372 1178 1484 1220; x_wconf 83' lang='lat' dir='ltr'><strong>Epigr.</strong></span> <span class='ocrx_word' id='word_1_253' title='bbox 1511 1179 1571 1219; x_wconf 86' lang='lat' dir='ltr'><strong>lv,</strong></span> <span class='ocrx_word' id='word_1_254' title='bbox 1595 1183 1642 1215; x_wconf 88' lang='lat'><strong>10.</strong></span> <span class='ocrx_word' id='word_1_255' title='bbox 1665 1184 1763 1216; x_wconf 85' lang='grc' dir='ltr'>κόσσυ.</span> 
     </span>
     <span class='ocr_line' id='line_1_21' title="bbox 109 1234 1761 1277; baseline 0.004 -11"><span class='ocrx_word' id='word_1_256' title='bbox 109 1249 158 1275; x_wconf 69' lang='grc' dir='ltr'><strong>φοι</strong></span> <span class='ocrx_word' id='word_1_257' title='bbox 180 1237 292 1275; x_wconf 71' lang='grc' dir='ltr'><em>ἀχεῦσιν</em></span> <span class='ocrx_word' id='word_1_258' title='bbox 312 1234 530 1275; x_wconf 79' lang='grc' dir='ltr'><strong><em>ποικιλότραυλα</em></strong></span> <span class='ocrx_word' id='word_1_259' title='bbox 549 1234 625 1273; x_wconf 71' lang='grc' dir='ltr'><em>μέλη.</em></span> <span class='ocrx_word' id='word_1_260' title='bbox 669 1235 724 1264; x_wconf 72' lang='lat' dir='ltr'><strong>sic</strong></span> <span class='ocrx_word' id='word_1_261' title='bbox 756 1234 886 1264; x_wconf 83' lang='lat' dir='ltr'><strong>Latinis</strong></span> <span class='ocrx_word' id='word_1_262' title='bbox 912 1244 1089 1272; x_wconf 88' lang='lat' dir='ltr'><strong>sonare,</strong></span> <span class='ocrx_word' id='word_1_263' title='bbox 1120 1234 1213 1264; x_wconf 85' lang='lat' dir='ltr'><strong>velut</strong></span> <span class='ocrx_word' id='word_1_264' title='bbox 1233 1236 1441 1266; x_wconf 87' lang='lat' dir='ltr'><strong>notissimum</strong></span> <span class='ocrx_word' id='word_1_265' title='bbox 1463 1236 1567 1268; x_wconf 85' lang='lat' dir='ltr'><strong>illud:</strong></span> <span class='ocrx_word' id='word_1_266' title='bbox 1600 1247 1761 1277; x_wconf 86' lang='lat' dir='ltr'><strong>„sonante</strong></span> 
     </span>
     <span class='ocr_line' id='line_1_22' title="bbox 109 1288 1032 1331; baseline -0.001 -9"><span class='ocrx_word' id='word_1_267' title='bbox 109 1293 226 1322; x_wconf 79' lang='lat' dir='ltr'><strong>mixtis</strong></span> <span class='ocrx_word' id='word_1_268' title='bbox 250 1291 344 1321; x_wconf 91' lang='lat' dir='ltr'><strong>tibiis</strong></span> <span class='ocrx_word' id='word_1_269' title='bbox 369 1301 499 1321; x_wconf 84' lang='lat' dir='ltr'><strong>carmen</strong></span> <span class='ocrx_word' id='word_1_270' title='bbox 523 1290 631 1330; x_wconf 87' lang='lat' dir='ltr'><strong>lyra.“</strong></span> <span class='ocrx_word' id='word_1_271' title='bbox 655 1291 749 1331; x_wconf 88' lang='lat' dir='ltr'><strong>(Hor.</strong></span> <span class='ocrx_word' id='word_1_272' title='bbox 771 1290 871 1328; x_wconf 80' lang='lat' dir='ltr'><strong>Epod.</strong></span> <span class='ocrx_word' id='word_1_273' title='bbox 894 1288 958 1328; x_wconf 82' lang='lat' dir='ltr'><strong>IX,</strong></span> <span class='ocrx_word' id='word_1_274' title='bbox 976 1291 1032 1330; x_wconf 85' lang='lat'><strong>5.).</strong></span> 
     </span>
    </p>
   </div>
   <div class='ocr_carea' id='block_1_3' title="bbox 194 1380 1136 1479">
    <p class='ocr_par' dir='ltr' id='par_1_3' title="bbox 194 1380 1136 1479">
     <span class='ocr_line' id='line_1_23' title="bbox 194 1380 1136 1421; baseline -0.002 -8"><span class='ocrx_word' id='word_1_275' title='bbox 194 1381 239 1412; x_wconf 81' lang='lat' dir='ltr'><strong>V.</strong></span> <span class='ocrx_word' id='word_1_276' title='bbox 261 1382 304 1413; x_wconf 87' lang='grc'><strong>40</strong></span> <span class='ocrx_word' id='word_1_277' title='bbox 304 1403 584 1413; x_wconf 73' lang='grc'><strong>......</strong></span> <span class='ocrx_word' id='word_1_278' title='bbox 891 1380 923 1416; x_wconf 78' lang='grc' dir='ltr'><strong>ὃς</strong></span> <span class='ocrx_word' id='word_1_279' title='bbox 943 1393 977 1421; x_wconf 86' lang='grc' dir='ltr'><strong>με</strong></span> <span class='ocrx_word' id='word_1_280' title='bbox 998 1380 1136 1412; x_wconf 72' lang='grc' dir='ltr'><strong>τάλαιναν</strong></span> 
     </span>
     <span class='ocr_line' id='line_1_24' title="bbox 355 1434 1134 1479; baseline -0.001 -10"><span class='ocrx_word' id='word_1_281' title='bbox 355 1436 417 1470; x_wconf 76' lang='grc' dir='ltr'><strong>ἀντὶ</strong></span> <span class='ocrx_word' id='word_1_282' title='bbox 438 1437 567 1479; x_wconf 71' lang='grc' dir='ltr'><strong>γυναικὸς</strong></span> <span class='ocrx_word' id='word_1_283' title='bbox 587 1438 673 1479; x_wconf 77' lang='grc' dir='ltr'><em>ἔθηκε</em></span> <span class='ocrx_word' id='word_1_284' title='bbox 693 1436 784 1470; x_wconf 74' lang='grc' dir='ltr'><strong><em>κακὰν</em></strong></span> <span class='ocrx_word' id='word_1_285' title='bbox 805 1435 853 1470; x_wconf 80' lang='grc' dir='ltr'><strong>καὶ</strong></span> <span class='ocrx_word' id='word_1_286' title='bbox 875 1437 1040 1479; x_wconf 77' lang='grc' dir='ltr'><em>ἀπάρθειόν</em></span> <span class='ocrx_word' id='word_1_287' title='bbox 1061 1434 1134 1478; x_wconf 78' lang='grc' dir='ltr'><em>ἦμεν.</em></span> 
     </span>
    </p>
   </div>
   <div class='ocr_carea' id='block_1_4' title="bbox 113 1511 1768 1845">
    <p class='ocr_par' dir='ltr' id='par_1_4' title="bbox 113 1511 1768 1845">
     <span class='ocr_line' id='line_1_25' title="bbox 194 1511 1765 1555; baseline 0.004 -13"><span class='ocrx_word' id='word_1_288' title='bbox 194 1511 318 1543; x_wconf 86' lang='lat' dir='ltr'><strong>Nescio</strong></span> <span class='ocrx_word' id='word_1_289' title='bbox 335 1512 584 1544; x_wconf 74' lang='lat' dir='ltr'><strong>curWuestem.</strong></span> <span class='ocrx_word' id='word_1_290' title='bbox 600 1514 808 1544; x_wconf 87' lang='lat' dir='ltr'><strong>notissimum</strong></span> <span class='ocrx_word' id='word_1_291' title='bbox 829 1512 959 1543; x_wconf 89' lang='lat' dir='ltr'><strong>dicendi</strong></span> <span class='ocrx_word' id='word_1_292' title='bbox 981 1522 1085 1553; x_wconf 86' lang='lat' dir='ltr'><strong>genus</strong></span> <span class='ocrx_word' id='word_1_293' title='bbox 1107 1512 1194 1542; x_wconf 81' lang='lat' dir='ltr'><strong>dicat</strong></span> <span class='ocrx_word' id='word_1_294' title='bbox 1206 1512 1348 1544; x_wconf 83' lang='lat' dir='ltr'><strong>Atticam</strong></span> <span class='ocrx_word' id='word_1_295' title='bbox 1360 1513 1569 1555; x_wconf 85' lang='lat' dir='ltr'><strong>elegantiam.</strong></span> <span class='ocrx_word' id='word_1_296' title='bbox 1594 1515 1765 1549; x_wconf 80' lang='lat' dir='ltr'><strong>Structura</strong></span> 
     </span>
     <span class='ocr_line' id='line_1_26' title="bbox 113 1567 1765 1616; baseline 0.003 -15"><span class='ocrx_word' id='word_1_297' title='bbox 113 1570 182 1601; x_wconf 78' lang='lat' dir='ltr'><strong>haec</strong></span> <span class='ocrx_word' id='word_1_298' title='bbox 204 1572 272 1600; x_wconf 78' lang='lat' dir='ltr'><strong>est:</strong></span> <span class='ocrx_word' id='word_1_299' title='bbox 303 1568 334 1604; x_wconf 81' lang='grc' dir='ltr'><strong>ὃς</strong></span> <span class='ocrx_word' id='word_1_300' title='bbox 354 1569 443 1609; x_wconf 70' lang='grc' dir='ltr'><em>ἔθηκέ</em></span> <span class='ocrx_word' id='word_1_301' title='bbox 463 1582 497 1610; x_wconf 81' lang='grc' dir='ltr'><strong>με</strong></span> <span class='ocrx_word' id='word_1_302' title='bbox 517 1569 655 1601; x_wconf 74' lang='grc' dir='ltr'><strong><em>τάλαιναν</em></strong></span> <span class='ocrx_word' id='word_1_303' title='bbox 683 1567 749 1610; x_wconf 80' lang='grc' dir='ltr'><em>ἦμεν</em></span> <span class='ocrx_word' id='word_1_304' title='bbox 777 1569 812 1610; x_wconf 88' lang='lat' dir='ltr'><strong>(i.</strong></span> <span class='ocrx_word' id='word_1_305' title='bbox 836 1580 865 1600; x_wconf 80' lang='lat' dir='ltr'><strong>e.</strong></span> <span class='ocrx_word' id='word_1_306' title='bbox 888 1567 920 1605; x_wconf 76' lang='grc' dir='ltr'><strong>ὅς</strong></span> <span class='ocrx_word' id='word_1_307' title='bbox 946 1581 981 1609; x_wconf 87' lang='grc' dir='ltr'><strong>με</strong></span> <span class='ocrx_word' id='word_1_308' title='bbox 1000 1568 1051 1610; x_wconf 62' lang='grc' dir='ltr'><strong>τὴν</strong></span> <span class='ocrx_word' id='word_1_309' title='bbox 1072 1568 1180 1601; x_wconf 72' lang='grc' dir='ltr'><strong><em>ἀθλίαν</em></strong></span> <span class='ocrx_word' id='word_1_310' title='bbox 1200 1569 1325 1610; x_wconf 74' lang='grc' dir='ltr'>ἐποίησεν</span> <span class='ocrx_word' id='word_1_311' title='bbox 1345 1571 1415 1602; x_wconf 81' lang='grc' dir='ltr'><strong><em>εἶναι</em></strong></span> <span class='ocrx_word' id='word_1_312' title='bbox 1437 1571 1561 1613; x_wconf 78' lang='lat' dir='ltr'><strong>Schol.)</strong></span> <span class='ocrx_word' id='word_1_313' title='bbox 1584 1573 1675 1605; x_wconf 76' lang='grc' dir='ltr'><strong><em>κακὰν</em></strong></span> <span class='ocrx_word' id='word_1_314' title='bbox 1694 1575 1765 1616; x_wconf 77' lang='lat' dir='ltr'><strong>(fa-</strong></span> 
     </span>
     <span class='ocr_line' id='line_1_27' title="bbox 113 1626 1765 1672; baseline 0.003 -13"><span class='ocrx_word' id='word_1_315' title='bbox 113 1638 280 1666; x_wconf 84' lang='lat' dir='ltr'><strong>mosam,</strong></span> <span class='ocrx_word' id='word_1_316' title='bbox 302 1637 365 1657; x_wconf 92' lang='lat' dir='ltr'><strong>non</strong></span> <span class='ocrx_word' id='word_1_317' title='bbox 391 1628 645 1668; x_wconf 86' lang='lat' dir='ltr'><strong>„impudicam,“</strong></span> <span class='ocrx_word' id='word_1_318' title='bbox 669 1634 705 1658; x_wconf 86' lang='lat' dir='ltr'><strong>ut</strong></span> <span class='ocrx_word' id='word_1_319' title='bbox 726 1626 909 1658; x_wconf 51' lang='lat' dir='ltr'><strong>XVuestem.</strong></span> <span class='ocrx_word' id='word_1_320' title='bbox 931 1628 1189 1668; x_wconf 88' lang='lat' dir='ltr'><strong>interpretatur.)</strong></span> <span class='ocrx_word' id='word_1_321' title='bbox 1209 1626 1256 1659; x_wconf 82' lang='grc' dir='ltr'><strong>καὶ</strong></span> <span class='ocrx_word' id='word_1_322' title='bbox 1277 1628 1449 1669; x_wconf 74' lang='grc' dir='ltr'><em>ἀπάρθενον.</em></span> <span class='ocrx_word' id='word_1_323' title='bbox 1472 1629 1548 1671; x_wconf 73' lang='grc' dir='ltr'>Γυνὴ</span> <span class='ocrx_word' id='word_1_324' title='bbox 1571 1634 1622 1661; x_wconf 85' lang='lat' dir='ltr'><strong>est</strong></span> <span class='ocrx_word' id='word_1_325' title='bbox 1643 1642 1765 1672; x_wconf 86' lang='lat' dir='ltr'><strong>uxor,</strong></span> 
     </span>
     <span class='ocr_line' id='line_1_28' title="bbox 114 1684 1766 1731; baseline 0.002 -13"><span class='ocrx_word' id='word_1_326' title='bbox 114 1686 282 1727; x_wconf 70' lang='grc' dir='ltr'><em>ἀπάρθενον</em></span> <span class='ocrx_word' id='word_1_327' title='bbox 304 1687 412 1714; x_wconf 82' lang='lat' dir='ltr'><strong>autem</strong></span> <span class='ocrx_word' id='word_1_328' title='bbox 435 1695 594 1716; x_wconf 88' lang='lat' dir='ltr'><strong>caussa</strong></span> <span class='ocrx_word' id='word_1_329' title='bbox 615 1689 676 1725; x_wconf 79' lang='lat' dir='ltr'><strong>est,</strong></span> <span class='ocrx_word' id='word_1_330' title='bbox 701 1695 758 1716; x_wconf 91' lang='lat' dir='ltr'><strong>cur</strong></span> <span class='ocrx_word' id='word_1_331' title='bbox 781 1694 1046 1723; x_wconf 86' lang='lat' dir='ltr'><strong>consequens</strong></span> <span class='ocrx_word' id='word_1_332' title='bbox 1069 1684 1160 1716; x_wconf 83' lang='grc' dir='ltr'><strong><em>κακὰν</em></strong></span> <span class='ocrx_word' id='word_1_333' title='bbox 1183 1684 1290 1716; x_wconf 88' lang='lat' dir='ltr'><strong>locum</strong></span> <span class='ocrx_word' id='word_1_334' title='bbox 1314 1685 1443 1725; x_wconf 83' lang='lat' dir='ltr'><strong>habeat,</strong></span> <span class='ocrx_word' id='word_1_335' title='bbox 1466 1698 1535 1726; x_wconf 85' lang='lat' dir='ltr'><strong>quae</strong></span> <span class='ocrx_word' id='word_1_336' title='bbox 1548 1699 1613 1719; x_wconf 87' lang='lat' dir='ltr'><strong>vox</strong></span> <span class='ocrx_word' id='word_1_337' title='bbox 1635 1695 1669 1720; x_wconf 92' lang='lat' dir='ltr'><strong>ut</strong></span> <span class='ocrx_word' id='word_1_338' title='bbox 1684 1700 1766 1731; x_wconf 86' lang='lat' dir='ltr'><strong>prae-</strong></span> 
     </span>
     <span class='ocr_line' id='line_1_29' title="bbox 115 1741 1768 1789; baseline 0.004 -16"><span class='ocrx_word' id='word_1_339' title='bbox 115 1743 209 1774; x_wconf 85' lang='lat' dir='ltr'><strong>cedat</strong></span> <span class='ocrx_word' id='word_1_340' title='bbox 226 1742 382 1773; x_wconf 86' lang='lat' dir='ltr'><strong>effecisse</strong></span> <span class='ocrx_word' id='word_1_341' title='bbox 400 1743 553 1773; x_wconf 83' lang='lat' dir='ltr'><strong>videntur</strong></span> <span class='ocrx_word' id='word_1_342' title='bbox 572 1742 672 1773; x_wconf 86' lang='lat' dir='ltr'><strong>verba</strong></span> <span class='ocrx_word' id='word_1_343' title='bbox 692 1741 754 1774; x_wconf 80' lang='grc' dir='ltr'><strong>ἀντὶ</strong></span> <span class='ocrx_word' id='word_1_344' title='bbox 774 1742 909 1783; x_wconf 52' lang='grc' dir='ltr'><strong><em>γιηναικός.</em></strong></span> <span class='ocrx_word' id='word_1_345' title='bbox 930 1741 968 1773; x_wconf 88' lang='lat' dir='ltr'><strong>ld</strong></span> <span class='ocrx_word' id='word_1_346' title='bbox 985 1743 1054 1783; x_wconf 85' lang='lat' dir='ltr'><strong>jam</strong></span> <span class='ocrx_word' id='word_1_347' title='bbox 1072 1743 1176 1773; x_wconf 89' lang='lat' dir='ltr'><strong>sensit</strong></span> <span class='ocrx_word' id='word_1_348' title='bbox 1199 1753 1284 1773; x_wconf 92' lang='lat' dir='ltr'><strong>unus</strong></span> <span class='ocrx_word' id='word_1_349' title='bbox 1303 1753 1321 1773; x_wconf 87' lang='lat' dir='ltr'><strong>e</strong></span> <span class='ocrx_word' id='word_1_350' title='bbox 1343 1743 1552 1785; x_wconf 78' lang='lat' dir='ltr'><strong>Sclioliastis,</strong></span> <span class='ocrx_word' id='word_1_351' title='bbox 1576 1757 1768 1789; x_wconf 87' lang='lat' dir='ltr'><strong>quamquam</strong></span> 
     </span>
     <span class='ocr_line' id='line_1_30' title="bbox 115 1797 1766 1845; baseline 0.004 -15"><span class='ocrx_word' id='word_1_352' title='bbox 115 1809 179 1830; x_wconf 90' lang='lat' dir='ltr'><strong>non</strong></span> <span class='ocrx_word' id='word_1_353' title='bbox 200 1799 282 1830; x_wconf 86' lang='lat' dir='ltr'><strong>satis</strong></span> <span class='ocrx_word' id='word_1_354' title='bbox 303 1803 452 1831; x_wconf 85' lang='lat' dir='ltr'><strong>accurate</strong></span> <span class='ocrx_word' id='word_1_355' title='bbox 469 1799 671 1840; x_wconf 85' lang='lat' dir='ltr'><strong>explicavit:</strong></span> <span class='ocrx_word' id='word_1_356' title='bbox 694 1798 770 1834; x_wconf 81' lang='grc' dir='ltr'><em>ὅστις</em></span> <span class='ocrx_word' id='word_1_357' title='bbox 785 1812 831 1839; x_wconf 84' lang='grc' dir='ltr'><strong>μιν</strong></span> <span class='ocrx_word' id='word_1_358' title='bbox 849 1797 910 1831; x_wconf 77' lang='grc' dir='ltr'><strong>ἀντὶ</strong></span> <span class='ocrx_word' id='word_1_359' title='bbox 926 1803 1048 1841; x_wconf 67' lang='grc' dir='ltr'><strong>γαμετῆς</strong></span> <span class='ocrx_word' id='word_1_360' title='bbox 1064 1798 1193 1841; x_wconf 79' lang='grc' dir='ltr'><strong><em>γυναικὸς</em></strong></span> <span class='ocrx_word' id='word_1_361' title='bbox 1210 1800 1422 1842; x_wconf 75' lang='grc' dir='ltr'><strong>ἀπαρθένευτον</strong></span> <span class='ocrx_word' id='word_1_362' title='bbox 1439 1801 1549 1843; x_wconf 81' lang='grc' dir='ltr'><strong><em>ἐποίησε</em></strong></span> <span class='ocrx_word' id='word_1_363' title='bbox 1566 1800 1613 1835; x_wconf 76' lang='grc' dir='ltr'><strong>καὶ</strong></span> <span class='ocrx_word' id='word_1_364' title='bbox 1634 1803 1766 1845; x_wconf 69' lang='grc' dir='ltr'><em>ἄκοσμον.</em></span> 
     </span>
    </p>
   </div>
   <div class='ocr_carea' id='block_1_5' title="bbox 201 1888 1195 1930">
    <p class='ocr_par' dir='ltr' id='par_1_5' title="bbox 201 1888 1195 1930">
     <span class='ocr_line' id='line_1_31' title="bbox 201 1888 1195 1930; baseline 0.001 -11"><span class='ocrx_word' id='word_1_365' title='bbox 201 1888 245 1919; x_wconf 78' lang='lat' dir='ltr'><strong>V.</strong></span> <span class='ocrx_word' id='word_1_366' title='bbox 267 1889 318 1920; x_wconf 79' lang='grc'><strong>53.</strong></span> <span class='ocrx_word' id='word_1_367' title='bbox 360 1890 433 1920; x_wconf 79' lang='grc' dir='ltr'><em>τοῦτ’</em></span> <span class='ocrx_word' id='word_1_368' title='bbox 457 1889 515 1921; x_wconf 81' lang='grc' dir='ltr'><strong>ἀπὸ</strong></span> <span class='ocrx_word' id='word_1_369' title='bbox 535 1892 590 1924; x_wconf 78' lang='grc' dir='ltr'><strong>τᾶς</strong></span> <span class='ocrx_word' id='word_1_370' title='bbox 610 1889 727 1929; x_wconf 75' lang='grc' dir='ltr'><strong><em>χλαίνας</em></strong></span> <span class='ocrx_word' id='word_1_371' title='bbox 747 1889 781 1920; x_wconf 80' lang='grc' dir='ltr'><strong>τὸ</strong></span> <span class='ocrx_word' id='word_1_372' title='bbox 801 1890 956 1930; x_wconf 78' lang='grc' dir='ltr'><em>κράσπεδον</em></span> <span class='ocrx_word' id='word_1_373' title='bbox 978 1889 1061 1922; x_wconf 76' lang='grc' dir='ltr'><strong><em>ὤλεσε</em></strong></span> <span class='ocrx_word' id='word_1_374' title='bbox 1081 1891 1195 1930; x_wconf 74' lang='grc' dir='ltr'><strong>Δέλφις,</strong></span> 
     </span>
    </p>
   </div>
   <div class='ocr_carea' id='block_1_6' title="bbox 362 1946 1093 1988">
    <p class='ocr_par' dir='ltr' id='par_1_6' title="bbox 362 1946 1093 1988">
     <span class='ocr_line' id='line_1_32' title="bbox 374 1946 1028 1957; baseline 0.003 -2"><span class='ocrx_word' id='word_1_375' title='bbox 374 1946 381 1955; x_wconf 64' lang='lat' dir='ltr'>f</span> <span class='ocrx_word' id='word_1_376' title='bbox 411 1946 418 1956; x_wconf 71' lang='grc'>1</span> <span class='ocrx_word' id='word_1_377' title='bbox 465 1950 478 1955; x_wconf 73' lang='lat'><strong>.-</strong></span> <span class='ocrx_word' id='word_1_378' title='bbox 716 1946 722 1956; x_wconf 72' lang='lat'>1</span> <span class='ocrx_word' id='word_1_379' title='bbox 757 1946 764 1956; x_wconf 76' lang='grc' dir='ltr'><em>Ὶ</em></span> <span class='ocrx_word' id='word_1_380' title='bbox 806 1947 815 1957; x_wconf 75' lang='grc' dir='ltr'><strong><em>Ι</em></strong></span> <span class='ocrx_word' id='word_1_381' title='bbox 861 1948 868 1957; x_wconf 69' lang='lat'><em>5</em></span> <span class='ocrx_word' id='word_1_382' title='bbox 960 1946 968 1957; x_wconf 52' lang='grc' dir='ltr'>ἲ</span> <span class='ocrx_word' id='word_1_383' title='bbox 1020 1947 1028 1957; x_wconf 70' lang='grc' dir='ltr'><em>Ι</em></span> 
     </span>
     <span class='ocr_line' id='line_1_33' title="bbox 362 1946 1093 1988; baseline 0.001 -12"><span class='ocrx_word' id='word_1_384' title='bbox 362 1959 424 1986; x_wconf 75' lang='lat' dir='ltr'><strong>noym</strong></span> <span class='ocrx_word' id='word_1_385' title='bbox 445 1960 493 1977; x_wconf 74' lang='grc' dir='ltr'><strong>νυν</strong></span> <span class='ocrx_word' id='word_1_386' title='bbox 514 1946 641 1977; x_wconf 78' lang='grc' dir='ltr'><strong><em>τίλλοισα</em></strong></span> <span class='ocrx_word' id='word_1_387' title='bbox 662 1958 717 1976; x_wconf 79' lang='grc' dir='ltr'><strong>κατ</strong></span> <span class='ocrx_word' id='word_1_388' title='bbox 746 1959 833 1987; x_wconf 69' lang='grc' dir='ltr'><strong><em>αγριῳ</em></strong></span> <span class='ocrx_word' id='word_1_389' title='bbox 854 1960 882 1978; x_wconf 80' lang='grc' dir='ltr'><strong>εν</strong></span> <span class='ocrx_word' id='word_1_390' title='bbox 902 1959 969 1988; x_wconf 84' lang='grc' dir='ltr'><strong><em>πυρι</em></strong></span> <span class='ocrx_word' id='word_1_391' title='bbox 989 1949 1093 1988; x_wconf 78' lang='grc' dir='ltr'><strong><em>βαλλω.</em></strong></span> 
     </span>
    </p>
   </div>
   <div class='ocr_carea' id='block_1_7' title="bbox 120 2019 1769 2121">
    <p class='ocr_par' dir='ltr' id='par_1_7' title="bbox 120 2019 1769 2121">
     <span class='ocr_line' id='line_1_34' title="bbox 200 2019 1768 2063; baseline 0.003 -12"><span class='ocrx_word' id='word_1_392' title='bbox 200 2020 352 2059; x_wconf 82' lang='lat' dir='ltr'><strong>Erravit,</strong></span> <span class='ocrx_word' id='word_1_393' title='bbox 384 2023 421 2051; x_wconf 87' lang='lat' dir='ltr'><strong>ut</strong></span> <span class='ocrx_word' id='word_1_394' title='bbox 441 2031 502 2062; x_wconf 86' lang='lat' dir='ltr'><strong>ego</strong></span> <span class='ocrx_word' id='word_1_395' title='bbox 524 2021 654 2060; x_wconf 84' lang='lat' dir='ltr'><strong>quidem</strong></span> <span class='ocrx_word' id='word_1_396' title='bbox 678 2020 836 2059; x_wconf 87' lang='lat' dir='ltr'><strong>arbitror,</strong></span> <span class='ocrx_word' id='word_1_397' title='bbox 870 2022 922 2052; x_wconf 86' lang='lat' dir='ltr'><strong>vir</strong></span> <span class='ocrx_word' id='word_1_398' title='bbox 945 2022 1091 2052; x_wconf 82' lang='lat' dir='ltr'><strong>eximius</strong></span> <span class='ocrx_word' id='word_1_399' title='bbox 1113 2019 1167 2051; x_wconf 82' lang='lat' dir='ltr'><strong>Fr.</strong></span> <span class='ocrx_word' id='word_1_400' title='bbox 1197 2019 1346 2059; x_wconf 62' lang='lat' dir='ltr'><strong>Jacobs„</strong></span> <span class='ocrx_word' id='word_1_401' title='bbox 1380 2023 1435 2063; x_wconf 90' lang='lat' dir='ltr'><strong>qui</strong></span> <span class='ocrx_word' id='word_1_402' title='bbox 1459 2023 1492 2052; x_wconf 88' lang='lat' dir='ltr'><strong>in</strong></span> <span class='ocrx_word' id='word_1_403' title='bbox 1516 2021 1768 2056; x_wconf 79' lang='lat' dir='ltr'><strong>Wuestemanni</strong></span> 
     </span>
     <span class='ocr_line' id='line_1_35' title="bbox 120 2076 1769 2121; baseline 0.002 -12"><span class='ocrx_word' id='word_1_404' title='bbox 120 2079 265 2109; x_wconf 85' lang='lat' dir='ltr'><strong>editione</strong></span> <span class='ocrx_word' id='word_1_405' title='bbox 295 2077 364 2108; x_wconf 83' lang='lat' dir='ltr'><strong>haec</strong></span> <span class='ocrx_word' id='word_1_406' title='bbox 398 2077 606 2108; x_wconf 83' lang='lat' dir='ltr'><strong>observavit:</strong></span> <span class='ocrx_word' id='word_1_407' title='bbox 651 2076 831 2116; x_wconf 84' lang='lat' dir='ltr'><strong>„Simaetha</strong></span> <span class='ocrx_word' id='word_1_408' title='bbox 865 2077 1029 2108; x_wconf 78' lang='lat' dir='ltr'><strong>fimbriam</strong></span> <span class='ocrx_word' id='word_1_409' title='bbox 1057 2077 1151 2108; x_wconf 86' lang='lat' dir='ltr'><strong>illam</strong></span> <span class='ocrx_word' id='word_1_410' title='bbox 1180 2077 1322 2108; x_wconf 80' lang='lat' dir='ltr'><strong>sortasse</strong></span> <span class='ocrx_word' id='word_1_411' title='bbox 1351 2077 1489 2121; x_wconf 87' lang='lat' dir='ltr'><strong>flammis</strong></span> <span class='ocrx_word' id='word_1_412' title='bbox 1520 2078 1769 2113; x_wconf 85' lang='lat' dir='ltr'><strong>comburendam</strong></span> 
     </span>
    </p>
   </div>
   <div class='ocr_carea' id='block_1_8' title="bbox 119 2134 1767 2178">
    <p class='ocr_par' dir='ltr' id='par_1_8' title="bbox 119 2134 1767 2178">
     <span class='ocr_line' id='line_1_36' title="bbox 119 2134 1767 2178; baseline 0.002 -11"><span class='ocrx_word' id='word_1_413' title='bbox 119 2136 219 2167; x_wconf 73' lang='lat' dir='ltr'><strong>tradit</strong></span> <span class='ocrx_word' id='word_1_414' title='bbox 240 2158 249 2167; x_wconf 91' lang='lat'><strong>.</strong></span> <span class='ocrx_word' id='word_1_415' title='bbox 273 2158 282 2167; x_wconf 91' lang='lat'><strong><em>.</em></strong></span> <span class='ocrx_word' id='word_1_416' title='bbox 307 2159 315 2167; x_wconf 95' lang='lat'><strong><em>.</em></strong></span> <span class='ocrx_word' id='word_1_417' title='bbox 338 2145 405 2176; x_wconf 81' lang='lat' dir='ltr'><strong>prae</strong></span> <span class='ocrx_word' id='word_1_418' title='bbox 426 2135 663 2177; x_wconf 84' lang='lat' dir='ltr'><strong>indignatione,</strong></span> <span class='ocrx_word' id='word_1_419' title='bbox 687 2146 751 2178; x_wconf 79' lang='lat' dir='ltr'><strong>qua</strong></span> <span class='ocrx_word' id='word_1_420' title='bbox 772 2136 921 2178; x_wconf 84' lang='lat' dir='ltr'><strong>graviter</strong></span> <span class='ocrx_word' id='word_1_421' title='bbox 941 2141 1100 2168; x_wconf 86' lang='lat' dir='ltr'><strong>commota</strong></span> <span class='ocrx_word' id='word_1_422' title='bbox 1121 2134 1280 2176; x_wconf 81' lang='lat' dir='ltr'><strong>reliquias</strong></span> <span class='ocrx_word' id='word_1_423' title='bbox 1303 2145 1429 2177; x_wconf 81' lang='lat' dir='ltr'><strong>quoque</strong></span> <span class='ocrx_word' id='word_1_424' title='bbox 1450 2137 1543 2176; x_wconf 86' lang='lat' dir='ltr'><strong>pueri</strong></span> <span class='ocrx_word' id='word_1_425' title='bbox 1563 2137 1637 2169; x_wconf 89' lang='lat' dir='ltr'><strong>odio</strong></span> <span class='ocrx_word' id='word_1_426' title='bbox 1660 2137 1767 2171; x_wconf 80' lang='lat' dir='ltr'><strong>habet.</strong></span> 
     </span>
    </p>
   </div>
  </div>
 </body>
</html>
