1872 2345
842 49 1071 89 ..5-

117 142 187 174 'Sed
211 151 275 174 non
295 151 408 173 verum
430 143 503 183 est,
524 140 738 173 Theocritum
759 137 820 170 hos
840 139 1046 171 accusativos
1070 140 1289 181 nusquam*
1301 138 1515 179 produxisse.
1537 136 1671 170 Factum
1693 138 1778 170 enim

121 203 173 231 est
195 209 258 230 non
283 199 389 230 solum
413 201 448 230 in
472 197 613 229 articulo
635 197 691 233 τὰς
711 196 764 236 V,
798 198 852 230 89.
876 196 979 236 VIII,
1010 197 1082 235 35„
1111 196 1170 228 sed
1200 197 1298 228 etiam
1329 198 1363 228 in
1386 197 1562 238 adjectivis
1595 197 1680 237 «χίλας
1701 195 1778 236 vn,

122 259 194 289 104.
216 256 331 298 ῥαδινὰς
351 255 472 293 XVII,
495 256 546 286 37.
571 256 604 284 in
625 254 832 285 substantivo
852 254 950 295 θύρας
969 253 1018 292 11,
1039 255 1071 284 6.
1093 252 1182 293 (coll.
1206 264 1237 284 v.
1262 255 1331 285 160.
1353 255 1498 286 πυλάν-
1520 253 1641 295 ἀραξεΐ).
1665 252 1776 293 Itaque

122 313 261 355 Gregor.
294 312 368 343 Cor.
397 313 437 342 de
469 310 610 341 dialecto
640 308 720 340 Dor.
743 311 771 347 §-
797 312 857 342 149
876 321 906 350 p.
926 312 989 343 3:39
1010 311 1060 341 ed.
1082 309 1201 341 Schaef.
1230 316 1318 341 recte
1343 311 1432 342 addit
1449 310 1647 352 particulam
1668 309 1718 343 καὶ
1740 312 1774 342 in

119 369 249 401 verbis:
277 368 467 399 Συστέλλουσι
486 365 548 397 καὶ
567 366 621 402 τὰς
640 368 678 401 εἰς
696 368 737 401 αἶς
757 368 921 404 αἰτιατικάς.

203 424 247 456 V.
261 426 313 456 85.
338 422 515 454 Barbaram
527 435 600 454 esse
619 425 755 455 formam
765 426 891 461 ζατοῖσα,
911 426 1087 455 etiamnum
1104 423 1274 455 nonnullis
1284 424 1464 463 probatam,
1482 424 1589 455 docuit
1602 423 1772 456 Buttman-

120 494 183 515 nus
208 481 266 514 Gr.
292 481 390 521 ampl.
415 482 444 518 §.
469 483 537 514 105.
555 481 632 512 Not.
654 484 702 513 10.
725 493 758 522 p.
782 484 845 513 485
868 483 920 512 ed.
943 481 986 511 11.
1011 482 1075 511 Sed
1093 482 1134 511 de
1144 479 1407 521 verahujusloci
1418 481 1579 521 scriptura
1589 481 1768 522 ambigunt.

118 539 216 577 Quod
234 539 440 570 Hermannus
464 538 497 567 in
518 537 701 569 Zimmerm.
724 538 852 569 diurnis
875 538 1070 577 antiquariis
1095 540 1172 569 anni
1200 539 1290 571 1837.
1314 537 1356 569 N.
1374 539 1417 569 27
1435 538 1608 578 proposuit
1634 540 1773 576 ζατεῦσαι,

118 598 152 628 id
171 598 239 638 jam
262 595 386 638 legitur
408 596 440 626 in
460 594 624 626 Matthiaei
641 594 698 626 Gr.
723 594 780 626 Gr.
801 596 830 633 §.
851 597 925 634 212,
947 597 996 628 12.
1019 606 1051 636 p.
1072 597 1134 627 456
1155 596 1204 626 ed.
1229 594 1273 625 III
1299 596 1441 625 fortasse
1462 605 1504 624 ex
1529 605 1698 633 operarum
1723 608 1773 626 er-

117 665 203 685 rore.
232 652 303 694 Ego
325 653 476 693 suspicor
499 651 560 683 hoc
582 651 654 683 loco
679 651 885 683 scribendum
909 663 984 683 esse
1006 654 1088 691 ζαλοϊ
1104 653 1137 684 σ’.
1160 650 1180 684 ἆ
1200 654 1256 683 κτλ.
1281 651 1357 694 [VI,
1380 652 1429 684 27.
1454 653 1537 689 ζαλοΐ
1552 652 1579 692 μ’
1603 649 1627 683 ὦ
1649 653 1766 695 Παιὰν]

118 711 237 742 Cetera
259 709 359 741 verba
378 710 424 739 ita
443 708 610 750 intellige,
633 714 669 738 ut
690 709 807 750 δύςερως
828 710 872 739 sit
891 710 947 748 qui
965 710 1089 748 perdite
1109 716 1205 748 atnat,
1229 716 1388 750 quatenus
1403 708 1565 749 Daphnis,
1578 720 1769 751 quamquam

115 778 224 799 amore
245 766 375 806 puellae
399 772 525 804 motus,
548 766 657 806 perire
677 769 782 795 tamen
806 765 933 796 mavult
954 776 1049 804 quam
1070 766 1182 797 Amori
1205 767 1332 796 cedere.
1363 765 1446 796 Nam
1469 765 1534 796 ἄνυε
1554 766 1653 807 πικρὸν
1672 766 1768 807 ’ἔρωτα

116 826 162 866 (v.
182 825 237 865 93)
267 825 290 854 i.
314 834 343 853 e.
370 822 476 853 auchie
504 833 542 852 :u
572 822 759 862 bewiillt'gen
789 821 874 862 (Vl,
903 823 925 853 '7
955 823 1086 853 videtur
1110 822 1300 864 significare
1325 833 1419 861 eum,
1456 823 1510 861 qui
1533 833 1642 854 amore
1662 825 1770 855 minus

115 887 266 913 movetur
285 879 527 921 unempfindliclz
546 880 606 917 fiir
628 879 749 920 Ist‘ebe).
792 878 879 909 Idem
903 877 1055 919 Daphnis
1081 887 1214 910 vocatur
1234 880 1382 920 ἀμάχανυς
1401 880 1514 919 siguif.
1536 882 1672 919 passiva
1693 882 1715 911 i.
1738 892 1768 912 e.

118 938 210 976 talis,
233 937 286 968 cui
307 936 471 967 auxilium
491 936 572 967 ferri
594 937 718 978 nequit,
741 941 899 977 quatenus
921 936 992 974 ipse
1013 936 1160 977 puellam
1181 943 1430 975 perseveranter
1452 938 1611 973 repudiat.
1645 937 1770 968 Idcirco

116 997 220 1026 totum
245 1003 376 1024 versum
405 993 620 1024 reddiderim:
653 991 707 1024 St'e
728 995 771 1024 ist
790 991 998 1033 effereilchtig
1020 994 1081 1032 auf
1108 993 1189 1025 dich.
1232 992 1301 1023 ΑεΙι
1320 994 1362 1024 du
1383 992 1446 1024 bist
1474 995 1525 1023 ein
1546 995 1771 1033 verzaeceffelml

117 1051 303 1088 Liebemler,
321 1050 389 1081 dem
408 1048 495 1080 nicht
512 1059 550 1079 zu
564 1048 670 1087 helsen
688 1052 739 1081 iel.

200 1130 244 1162 V.
267 1132 319 1163 95.
362 1128 433 1170 ἦνθέ
460 1143 489 1172 γε
508 1130 566 1171 μὰν
592 1130 671 1162 ἁδεῖα
696 1128 745 1162 καὶ
765 1131 785 1162 ἁ
806 1132 919 1174 Κύπρις
939 1131 1084 1174 γελάσω-α,

361 1187 471 1228 λάθρια
490 1187 542 1228 μὲν
562 1188 700 1229 γελοίοισα,
721 1188 812 1230 βαρὺν
832 1190 915 1222 δ’ἀνὰ
935 1190 1030 1229 θυμὸν
1049 1189 1155 1230 ἔχοισα,

362 1242 440 1284 uffae·
623 1233 625 1236 ι

200 1303 280 1334 Haec
303 1307 353 1333 est
374 1301 509 1342 vulgata
531 1301 690 1332 librorum
713 1303 885 1345 scriptura,
908 1314 1003 1344 quam
1022 1303 1117 1333 multi
1137 1304 1334 1342 conjecturis
1349 1306 1568 1334 tentaverunt.
1612 1302 1767 1341 Plerique

113 1358 252 1403 probant
274 1358 529 1390 emendationem
555 1357 731 1389 Hermanni
750 1370 806 1397 pro
827 1360 938 1400 λάθρια
958 1360 1102 1400 legentis
1125 1360 1204 1396 ἀδὲα,
1227 1362 1279 1389 eui
1304 1361 1447 1391 similem
1464 1362 1683 1401 conjecturam
1696 1361 1765 1400 jam

114 1421 329 1458 proposuerat
370 1414 582 1446 Ahlwar22ms
618 1416 653 1446 in
677 1416 821 1447 editione
842 1416 968 1449 Dahlii.
1013 1416 1129 1448 Venus
1149 1421 1217 1446 tum
1241 1418 1361 1447 dicitur
1383 1418 1453 1449 ἁδέα
1474 1418 1606 1459 γελάοισα
1625 1417 1767 1459 [mamma

115 1472 339 1505 Muehlmann.
357 1471 380 1502 l.
399 1471 422 1502 l.
441 1482 472 1512 p.
492 1472 563 1513 701⁴,
575 1473 659 1511 quod
677 1474 752 1511 quin
770 1483 875 1514 graece
897 1474 1017 1504 dictum
1034 1475 1079 1505 sit
1097 1473 1246 1505 dubitant
1260 1474 1378 1506 Jacobs
1395 1476 1428 1505 in
1445 1475 1544 1506 Amh.
1564 1474 1635 1505 l‘al.
1653 1475 1765 1515 p.·7·23.

116 1533 223 1573 (quem
243 1529 355 1560 laudat
374 1528 519 1558 Lobeck.
540 1530 572 1558 in
598 1529 698 1570 Soph.
723 1529 777 1570 Aj.
801 1541 832 1571 p.
854 1531 928 1571 246)
954 1537 986 1561 et
1009 1529 1212 1562 Meinekius.
1256 1531 1301 1562 At
1323 1531 1363 1562 ab
1387 1531 1447 1562 hac
1471 1531 1675 1562 dubitatione
1699 1531 1764 1561 for—

115 1587 236 1619 mulam
260 1586 406 1617 defendit
426 1586 632 1616 lim-mannus
654 1585 677 1616 l.
702 1585 738 1625 l.,
762 1588 909 1618 defendit
929 1586 1095 1628 Bergkius
1121 1587 1241 1618 ibidem
1265 1599 1297 1629 p.
1320 1589 1406 1627 443„
1430 1590 1576 1619 defendit
1596 1588 1761 1629 analogia.

115 1635 204 1677 'Addi
236 1644 326 1675 enim
357 1649 486 1683 potest,
516 1634 791 1684 quemadmodum·
810 1644 896 1685 apud
927 1645 1034 1685 ipsum
1065 1643 1277 1675 Theocritum
1304 1646 1375 1677 ἁδέα
1396 1646 1533 1686 συρίσδων
1555 1646 1636 1686 (Vl,
1665 1646 1709 1686 9.)
1732 1652 1765 1675 et

114 1702 168 1733 ιἰδῦ
188 1700 380 1741 μελισδόμενος
401 1699 499 1741 (Vll,
531 1700 609 1741 89.),
631 1700 717 1741 apud
748 1699 882 1731 Bionem
914 1700 984 1733 ἁδέα
1004 1704 1122 1742 &aucus
1148 1701 1219 1741 (III,
1253 1703 1315 1743 17.)
1347 1704 1572 1740 inveniantur,
1598 1704 1644 1732 ita
1666 1704 1765 1732 etiam

113 1759 181 1799 ἡδέα
196 1764 227 1788 et
244 1756 294 1798 ἦδὺ
308 1759 390 1798 γελᾶν
406 1757 483 1798 quin
501 1756 619 1787 dictum
639 1757 683 1787 sit
703 1755 847 1787 dubitari
862 1767 925 1787 uon
949 1768 1057 1798 posse.
1075 1757 1255 1789 Burehard.
1276 1758 1298 1789 l.
1319 1758 1342 1790 1.
1362 1770 1393 1800 p.
1407 1761 1473 1791 154.
1486 1766 1648 1798 comparat
1665 1761 1763 1790 etiam

113 1814 203 1855 Ibyci
226 1813 327 1844 verba
351 1813 683 1854 τακερὰ-δερκόμενος.
726 1813 827 1844 Porro
850 1824 932 1855 opus¹
956 1825 1030 1844 esse
1052 1825 1116 1844 non
1146 1815 1297 1854 videtur,
1330 1819 1367 1846 ut
1392 1816 1567 1857 quidquam
1589 1820 1763 1855 mutemus,

113 1871 285 1903 dummodo
306 1872 416 1911 λάθρια
436 1880 498 1900 non
520 1869 613 1908 clam,
647 1870 705 1900 sed
725 1869 896 1901 occulta
919 1870 1294 1910 dissimulatione,
1318 1879 1413 1910 atque
1437 1872 1538 1903 verba
1559 1872 1649 1915 βαρὺν
1670 1873 1764 1913 θυμὸν

113 1928 246 1969 ἀνέχοισα
266 1927 442 1958 secundum
471 1926 680 1957 Homericum
708 1926 780 1967 ἄνεχ’
803 1926 905 1962 ἵππους
929 1926 983 1967 (Il.
1015 1928 1146 1958 XXIII.
1171 1929 1256 1967 4253.)
1290 1929 1549 1967 interpretemur.
1583 1930 1621 1968 ὓ)
1667 1928 1762 1965 Quod

114 1985 144 2015 si
167 1992 254 2015 recte
277 1989 327 2015 est
349 1983 481 2021 dictum,
505 1989 541 2013 ut
563 1982 645 2014 mihi
666 1984 795 2025 quidem
819 1984 958 2021 videtur,
983 1985 1146 2015 sententia
1166 1991 1231 2014 est:
1256 1983 1301 2015 Ee
1322 1984 1502 2018 kam—die
1518 1991 1587 2018 sim
1600 1985 1762 2017 leichelmle

145 2102 171 2131 ²⁵)
206 2100 379 2126 cohibere
405 2101 476 2126 illa
494 2101 614 2134 (Venus)
633 2104 669 2127 et
694 2103 933 2135 comprimere
958 2103 1047 2128 iram
1074 2092 1225 2128 diciturss
1259 2102 1328 2128 Sunt
1351 2102 1436 2129 verba
1453 2102 1607 2129 Hei-manni
1625 2102 1655 2127 in
1673 2102 1761 2138 soph.

213 2140 281 2168 Oed.
301 2141 368 2168 Col.
393 2150 419 2169 v.
442 2143 506 2175 680,
527 2150 608 2177 quem
631 2142 695 2170 vide
718 2142 753 2169 de
775 2143 982 2178 significatione
1005 2143 1083 2171 verbi
1107 2136 1211 2177 ἀιέχειν
1232 2145 1445 2172 accuratissime
1469 2145 1669 2178 disputantem.
