1872 2345
791 81 1045 120 ...ὃὸ-..-

89 179 159 213 Cic.
178 178 281 211 Taso.
301 176 341 214 ΙΙ,
362 175 392 206 5.
413 172 441 210 5.
466 171 513 202 13.
538 167 722 210 Vulgarem
745 169 935 208 explicandi
954 170 1112 199 rationem
1133 174 1290 208 sequutus
1316 176 1367 200 est
1389 169 1429 200 L.
1452 168 1588 201 Dissen.
1609 170 1643 201 in
1665 168 1741 201 Tib.

91 232 171 265 vol,
198 231 241 271 Π,
262 240 292 271 p„
316 228 368 261 77,
392 232 423 257 et
445 236 476 264 p.
500 225 584 260 419.,
616 225 775 264 sequutus
796 229 846 252 est
869 222 907 252 R.
940 222 1107 254 Kuehner.
1137 224 1172 253 in
1191 222 1291 254 Tusc.
1318 221 1342 254 l.
1366 221 1390 253 l.
1428 221 1473 253 At
1493 221 1533 253 de
1554 223 1744 254 istiusmodi

89 283 176 316 loeis
199 280 374 312 verissime
392 276 557 317 judicavit
578 273 617 304 R.
640 274 754 304 Klotz.
775 275 808 303 in
832 272 900 304 Cic.
925 273 1025 304 Tusc.
1049 285 1079 312 p.
1103 275 1173 307 189.
1195 286 1243 315 sq.

171 371 216 404 V,
236 372 287 402 48,
333 366 430 405 Quod
450 364 637 397 Wuestem.
656 363 851 395 defensurus
870 364 1104 395 nominativum
1124 363 1272 400 ἀλοιῶντες
1293 365 1471 401 adnotavit,
1493 365 1527 393 in
1543 364 1744 394 nominativo

90 428 201 458 inesse
220 420 505 463 „adhortationem
516 417 557 447 ad
568 419 766 454 messores,“
784 419 816 446 in
827 419 1013 447 accusativo
1026 423 1247 455 „praeceptum
1257 415 1425 455 aliquod‚“
1437 417 1667 457 posteriusque
1682 415 1742 445 mi-

90 492 153 512 nus
170 480 346 511 convenire
362 478 440 508 huic
458 477 542 514 loco,
562 475 594 505 id
606 484 723 504 vereor
735 484 776 503 ne
787 473 885 503 hodie
904 472 1030 513 probet.
1056 472 1139 503 Nam
1152 474 1184 502 in
1198 478 1335 510 utroque
1355 482 1432 502 casu
1448 472 1535 502 inest
1551 475 1746 512 praeceptum

91 533 237 572 aliquod,
264 531 322 562 sed
342 531 558 560 nominativus
575 533 644 557 tum
659 526 787 556 demum
810 533 902 564 aptus
927 529 1026 564 esset,
1050 527 1079 556 si
1102 532 1199 565 poeta
1221 535 1384 555 messores
1405 526 1496 564 ipsos
1509 524 1743 564 alloqueretur,

91 586 231 624 ideoque
252 583 437 614 infinitivus
460 581 586 619 positus
609 584 699 609 esset
720 589 778 618 pro
802 579 996 619 imperativo
1021 578 1172 608 secundm
1194 587 1351 616 personae.
1399 574 1506 612 Quum
1530 586 1609 606 vero
1634 576 1744 606 omnia

90 644 272 682 praeeepta‚
305 645 375 676 quae
399 633 571 663 traduntur
601 632 634 661 in
657 629 718 661 hoc
742 631 896 670 carmine,
920 631 953 661 in
975 631 1165 660 universum
1187 631 1384 667 efferantur,
1415 633 1669 658 consentaneum
1692 631 1743 657 est

93 689 314 722 accusativum
336 685 496 726 praeferri.
519 682 680 713 Matthiae.
705 682 761 713 Gr.
785 682 841 713 Gr.
865 684 893 720 §-
914 684 984 715 546.
1007 689 1175 721 postquam
1196 684 1369 713 verissime
1388 683 1545 712 indicavit
1566 683 1742 712 discrimen

91 741 284 775 nominativi
305 745 336 770 et
352 738 545 777 accusativi,
562 737 682 768 dubi-us
700 737 812 767 haeret
832 737 876 777 (p.
895 739 983 769 1269.
1007 738 1058 768 ed.
1082 736 1138 767 ΙΙΙ.
1159 738 1191 767 in
1203 736 1295 777 Not.)
1319 737 1358 767 de
1368 736 1508 767 Theocr.
1534 735 1667 774 XXIV,
1689 738 1741 767 94.

90 795 138 836 ἂψ
159 793 187 826 δὲ
207 793 323 825 νέεσθαι
345 790 507 832 ἄστρωτος.
537 797 569 820 et
595 790 733 820 Hesiod.
758 789 799 819 O.
822 792 854 819 et
874 789 917 819 D.
945 790 1016 822 391.
1046 789 1145 830 γυμνὸν
1176 789 1293 830 σπείρειν
1321 787 1421 829 γυμνὸν
1442 787 1469 819 δὲ
1490 791 1615 830 βοωτεῖν,
1637 797 1741 825 neque

90 846 230 878 multum
255 844 349 875 abest
371 845 447 881 quin
471 849 594 873 statuat
618 842 794 882 enan-agen
818 852 963 872 casuum.
1008 843 1072 872 Sed
1095 843 1263 872 Hesiodus
1288 847 1481 882 praeceptum
1501 841 1534 870 in
1550 841 1743 870 universum

89 897 258 937 proposuit
280 895 374 925 nulla
397 897 524 925 ratione
545 893 656 924 habita
678 893 802 931 fratris,
826 892 858 922 h.
880 903 907 922 e.
928 903 1000 923 mem
1021 894 1085 923 soll
1103 893 1197 924 leit-lat
1215 893 1364 924 hekleae'dee
1381 896 1457 923 siien
1474 891 1537 922 med
1556 892 1685 926 ackern;
1710 893 1742 920 et

90 951 177 991 apud
199 948 367 980 Theocrit.
392 957 463 977 cum
486 946 671 977 Hermanno
695 945 729 975 in
749 943 828 986 Vig.
853 955 885 986 p.
907 946 979 978 744.
1004 946 1044 976 ed
1063 945 1123 977 IV.
1149 946 1356 977 scribendum
1379 946 1511 976 videtur
1530 945 1646 977 νεέσθω.

172 1037 216 1069 V.
240 1039 291 1070 53.
333 1036 366 1068 τὸ
388 1041 457 1067 πιεῖν
478 1045 537 1076 pro
559 1034 592 1066 τὸ
613 1034 700 1065 ποτὸν
720 1035 835 1076 paullo
858 1035 1056 1066 insolentius
1090 1036 1211 1066 dictum
1233 1046 1307 1066 esse
1334 1040 1425 1073 putat
1448 1035 1631 1066 VVuestem.
1677 1035 1742 1067 Sed

90 1093 222 1123 videtur
245 1097 409 1130 sumptum
433 1099 507 1119 esse
532 1100 575 1119 ex
595 1090 754 1118 communi
778 1099 937 1127 sermone,
961 1090 1059 1120 sicuti
1082 1099 1141 1119 nos
1163 1088 1346 1129 loquimur:
1369 1088 1442 1129 gleb
1462 1089 1529 1120 dem
1552 1088 1663 1121 [simle
1682 1089 1742 1121 das

93 1145 236 1176 Trinken.
256 1162 298 1167 --
321 1141 482 1172 Caeterum
506 1141 545 1171 de
566 1140 766 1179 proverbiali
789 1141 982 1184 loquutione
1006 1149 1113 1173 monet
1139 1143 1264 1172 Erasm.
1289 1141 1471 1183 Adag.11{,
1490 1144 1520 1174 6.
1545 1143 1593 1174 16.
1616 1153 1648 1184 Ρ.
1671 1144 1743 1176 752.

90 1194 182 1226 Idem
202 1192 423 1224 consulendus
447 1197 498 1221 est
520 1192 554 1221 in
576 1201 608 1221 v.
631 1192 682 1223 55.
704 1191 739 1221 in
759 1190 863 1233 Adag.
887 1191 931 1230 11,
954 1194 982 1223 1.
1004 1193 1033 1224 5.
1055 1203 1084 1231 p.
1108 1194 1179 1224 357.
1203 1203 1250 1230 sq.

174 1287 219 1319 V.
249 1288 300 1319 57.
321 1286 371 1319 τὸν
391 1285 453 1318 νηὸν
474 1284 588 1326 λιμηρὸν
609 1284 709 1327 ἔρωτα.
751 1284 797 1317 W
799 1289 1003 1318 uestemanni
1027 1288 1143 1324 verba:
1167 1293 1266 1327 „nota
1283 1289 1398 1330 λιμηρός
1416 1288 1455 1320 ab
1466 1289 1584 1320 effectu
1597 1289 1744 1320 dictum“

88 1340 170 1372 mihi
194 1340 324 1382 quidem
353 1338 492 1369 obscura
515 1344 601 1368 sunt.
647 1336 730 1369 Nam
754 1339 891 1370 effectus
914 1341 1058 1378 inesset,
1089 1342 1118 1372 si
1147 1340 1262 1372 Battus
1292 1348 1424 1382 propter
1455 1352 1594 1372 umorem
1623 1352 1743 1381 pauper

88 1393 196 1423 faetus
222 1397 322 1428 esset,
345 1391 378 1420 id
399 1389 483 1431 quod
509 1388 568 1419 hoc
587 1387 660 1419 loco
681 1400 744 1420 non
764 1390 922 1428 proditur.
968 1391 1070 1422 Poeta
1089 1393 1170 1423 dicit
1191 1392 1375 1423 famelicum
1395 1403 1547 1432 amorem,
1569 1393 1599 1424 h.
1612 1404 1640 1425 e.
1662 1405 1742 1435 pau-

88 1456 198 1485 perem
222 1443 445 1475 coridieionem
467 1443 568 1473 totius
600 1442 738 1477 amoris3
771 1449 867 1485 atque
890 1455 1066 1485 pronomen
1098 1445 1147 1477 τὸν
1167 1445 1229 1477 τεὸν
1249 1446 1393 1487 positum
1416 1452 1466 1476 est
1489 1448 1623 1487 (pariter
1645 1450 1741 1489 utque

90 1498 178 1539 apud
195 1508 254 1528 nos
279 1503 310 1528 et
333 1496 417 1535 apud
440 1495 591 1534 Latinos)
615 1495 654 1525 ad
675 1501 890 1533 contem-ptum
913 1497 1176 1538 significandum.

172 1622 238 1653 Sed
261 1628 388 1662 tempus
420 1628 470 1651 est
493 1620 568 1650 huic
590 1620 760 1657 scriptioni
782 1620 879 1652 finem
901 1623 1074 1661 imponere.
1120 1622 1248 1660 Quodsi
1270 1622 1322 1655 hie
1346 1622 1417 1654 illic
1448 1624 1538 1660 iusto
1570 1622 1742 1657 verbosior

90 1675 195 1713 fuero,
218 1674 251 1705 id
275 1673 520 1705 condonandum
547 1673 609 1702 erit
630 1671 751 1703 scholae
774 1675 952 1715 magistro,
973 1677 1028 1714 qni
1050 1686 1112 1718 quo
1137 1675 1270 1707 uberius
1295 1682 1326 1707 et
1349 1675 1528 1708 dilucidius
1553 1688 1645 1708 suam
1668 1687 1741 1708 sen-

90 1726 225 1757 tentiam
245 1724 416 1767 explanat,
442 1736 479 1755 eo
503 1723 647 1759 alacrius
670 1731 702 1756 et
726 1726 906 1758 studiosius
930 1738 989 1760 suo
1008 1739 1043 1760 se
1065 1738 1198 1760 munere
1221 1729 1317 1771 fungi
1339 1728 1526 1761 arbitratur.

1850 96 1851 101 Α
1839 0 1846 89 wn-
