1872 2345
818 57 1073 96 ..34-

205 142 250 174 V.
271 143 323 175 28.
366 140 440 179 ὅςτις
460 148 581 176 mummii·
600 142 651 177 τὸν
670 144 790 177 πλατίον
811 145 850 182 ὡς
869 146 903 178 τὺ
923 146 1058 187 nezelon,

366 200 445 242 σφὰξ
464 201 592 243 βομβέων
612 202 734 243 τέττιγος
754 204 884 235 &mnam
906 203 980 236 ἀλλὰ
1001 204 1055 245 γὰρ
1077 202 1113 236 οὔ
1134 215 1180 236 τοι

367 257 473 299 ὥριφος
492 258 641 299 ἰσοπαλής,
662 260 729 292 ¹tvt'd’
743 261 760 292 ὁ
779 262 881 302 τράγος
901 259 993 297 οὗτος,
1013 261 1109 301 femor.

209 342 283 375 Non
306 345 483 386 perspexit
506 343 704 384 VVuestem„
726 351 762 376 ut
786 356 847 387 ego
871 345 1001 387 quidem
1024 344 1178 385 arbitror,
1201 345 1397 377 sententiam
1420 345 1520 388 hujus
1543 345 1620 378 loci.
1641 346 1690 379 Ea
1708 346 1780 378 haec

126 406 187 431 est.
232 400 355 431 Verbis
379 400 454 436 ὅςτις
481 405 538 432 κτλ
561 412 663 439 usque
685 402 725 431 ad
745 403 871 434 ἐναντίον
888 402 1063 441 respondet
1087 401 1240 432 Comatas
1265 402 1305 432 ad
1324 403 1544 441 praecedentes
1567 404 1782 444 interrogati-

126 467 227 497 ones,
252 457 287 488 id
306 459 393 501 quod
413 459 482 499 jam
502 457 673 489 intellexit
697 458 912 490 scholiastes.
958 458 1070 497 Itaque
1092 457 1171 499 σφὰξ
1188 461 1214 499 β.
1235 470 1259 489 τ.
1281 459 1316 490 ἐν.
1348 461 1510 500 appositio
1540 467 1591 492 est
1611 461 1783 502 pertinens

127 515 169 545 ad
186 515 220 547 τὺ
242 517 266 546 i.
291 527 320 547 e.
337 515 352 547 ὁ
375 516 450 556 σφὴξ
470 515 504 547 σὺ
526 515 592 555 ἐμοῦ
613 516 674 547 κατ’
697 516 828 554 ἐναντίον,
850 520 901 548 τοῦ
921 516 1050 556 τέττιγος,
1066 514 1100 545 h.
1119 526 1147 545 e.
1164 521 1212 553 tu,
1233 516 1288 553 qui
1305 514 1403 556 longe
1423 518 1527 558 impar
1544 521 1725 549 certaturus
1747 527 1785 548 es

129 582 257 603 mecum
289 574 470 614 superiore.
513 571 651 602 Minime
683 574 787 613 igitur
809 573 989 602 addendum
1012 578 1062 603 est
1084 573 1302 613 cogitatione:
1326 571 1475 609 „frustra
1497 575 1590 614 agit,
1612 575 1786 612 strepitum

129 627 245 659 facit.“
289 628 418 659 Deinde
447 628 535 658 Laco
563 638 627 659 non
656 636 759 660 semet
789 630 895 668 ipsum
927 635 1090 668 comparat
1119 639 1191 659 cum
1218 627 1366 670 capella,
1397 638 1502 670 neque
1525 628 1691 661 Comatam
1713 641 1786 661 cum

130 696 227 724 cane,
253 686 311 716 sed
334 685 421 716 Laco
445 685 641 726 indignans,
664 687 749 725 qnod
772 685 924 717 Comatas
944 686 1071 717 haedum
1094 688 1278 727 oppositum
1301 696 1377 717 esse
1395 686 1478 716 velit
1501 697 1600 728 agno,
1622 693 1787 726 comparat

127 742 268 780 pretium
292 743 370 783 agni
402 742 529 771 ratione
552 741 665 773 habita
687 743 772 774 haedi
796 753 868 773 cum
891 744 998 783 pretio
1015 740 1099 772 lame
1118 749 1214 784 atque
1235 752 1341 784 caprae
1361 744 1487 773 ratione
1510 743 1623 774 habita
1642 743 1786 784 pilorum

130 804 227 839 atque
249 799 352 829 canis.
397 796 606 839 Quapropter
630 798 783 831 Comatas
803 799 905 831 verba
926 799 1033 830 addit:
1058 799 1133 830 ἀλλὰ
1153 798 1207 840 γὰρ
1229 798 1263 830 οὔ
1283 812 1326 830 τοι
1343 817 1385 821 -
1402 798 1498 840 ἔρεσθε,
1530 810 1600 838 qnae
1622 798 1707 832 hunc
1730 801 1790 832 ha-

129 854 209 886 bent
233 864 387 886 sensum:
431 853 564 891 Quum
594 855 756 888 haedus
789 856 875 887 tibi
905 866 984 886 non
1013 866 1086 894 par
1120 857 1180 886 sit
1210 858 1272 895 (sc.
1296 865 1398 897 aigun,
1429 866 1522 893 quem
1552 867 1571 887 a
1595 864 1626 888 te
1646 859 1788 897 positum

130 912 237 953 volo),
260 912 420 944 huncce
452 911 617 944 hircum
638 913 769 952 depon
782 924 812 944 o.
856 912 928 944 Hoc
949 913 1042 944 modo
1065 914 1095 944 si
1114 918 1253 943 mentem
1273 915 1378 954 poeta!
1399 913 1661 954 interpretamur,
1684 915 1794 945 onmia

136 969 302 1000 eohaerent
333 970 515 1007 aptissime.
561 968 744 1001 IVuestem.
777 976 887 1000 autem
917 971 952 1000 in
982 971 1178 1000 sententiam
1211 980 1303 999 suam
1335 970 1494 1000 incidisse
1519 972 1667 1010 videtur,
1702 973 1788 1010 quod

132 1036 238 1068 neque
255 1026 395 1056 attendit
424 1025 605 1066 particulas
633 1026 708 1058 ἀλλὰ
727 1025 790 1068 γὰρ,
819 1036 924 1068 neque
949 1028 1031 1057 satis
1061 1026 1284 1056 consideravit
1312 1025 1505 1066 discrimen,
1530 1028 1615 1070 quod
1637 1027 1697 1058 hoc
1721 1027 1797 1060 loco

135 1085 222 1115 inter
244 1083 374 1114 haedum
395 1089 427 1113 et
450 1082 577 1113 hircum
602 1083 724 1126 [ὦριφος
746 1091 780 1115 et
798 1083 816 1115 ὁ
835 1083 957 1126 τράγος]
982 1083 1166 1114 intercedit.

219 1172 263 1203 V.
284 1173 336 1205 31,
379 1172 412 1203 οὗ
439 1172 493 1213 γάρ
520 1186 563 1205 τοι
583 1171 650 1214 πυρὶ
671 1173 805 1205 adimat.
847 1173 940 1205 Non
973 1174 1083 1204 enirn
1113 1173 1205 1214 igni
1237 1171 1441 1203 calescis.
1486 1172 1701 1205 Proverbium
1732 1179 1795 1215 est,

136 1229 223 1272 quod
239 1228 499 1260 Wuestemann6
518 1231 583 1269 „de
603 1231 647 1260 iis
669 1231 792 1261 dictum
812 1232 957 1271 videtur,
978 1232 1033 1269 qui
1054 1230 1206 1261 incendio
1226 1230 1259 1259 in
1281 1230 1390 1259 vicino
1409 1229 1483 1260 loco
1501 1236 1619 1260 exorto
1641 1241 1717 1262 suas
1739 1243 1794 1265 res

136 1286 247 1317 subito
269 1287 464 1323 arripiunt.“
507 1285 544 1316 Id
567 1287 680 1317 nescio
704 1297 765 1325 quo
789 1288 978 1318 testimonio
999 1286 1132 1316 defendi
1152 1287 1269 1324 possit.
1315 1285 1519 1316 Scholiastes
1542 1287 1662 1318 affert:
1686 1289 1719 1320 οὐ
1739 1289 1797 1330 γὰρ

136 1341 181 1374 ἐπὶ
200 1341 289 1383 πυρὸς
309 1343 441 1384 βεβηκας,
466 1343 500 1373 id
524 1343 609 1381 quod
642 1342 718 1374 huic
751 1344 825 1375 loco
843 1344 1020 1374 convenire
1044 1342 1186 1374 videtur.
1230 1342 1313 1374 Nam
1335 1343 1390 1381 qui
1416 1352 1474 1382 per
1498 1343 1606 1382 ignem
1630 1343 1797 1383 incedunt,

138 1399 310 1431 celeritate
332 1401 466 1431 student
489 1401 599 1441 ignem
621 1401 760 1432 reddere
780 1402 963 1432 innoxium.
1000 1398 1305 1439 „Quemadmodum
1325 1411 1388 1430 uon
1408 1399 1560 1438 laeditur,
1591 1401 1647 1442 qui
1666 1411 1797 1434 manum

138 1468 195 1496 per
217 1457 357 1488 mediam
379 1457 539 1488 flammam
559 1458 671 1496 mittit,
695 1464 751 1489 aut
773 1468 908 1496 prunam
930 1457 1096 1488 ardentem
1120 1456 1231 1487 subito
1253 1452 1432 1495 correptam
1453 1456 1604 1496 abjicit.“
1637 1457 1797 1489 Extrema

140 1514 243 1545 verba
271 1521 346 1545 sunt
369 1515 498 1546 Erasmi
520 1514 624 1557 Adag.
649 1513 709 1555 IV,
732 1517 763 1548 6.
784 1516 836 1548 32.
862 1526 935 1556 pag.
957 1516 1032 1547 960.
1075 1513 1145 1545 Nos
1169 1524 1308 1556 quoque,
1330 1513 1387 1544 ubi
1410 1514 1483 1555 quis
1506 1513 1697 1546 festinatius
1718 1516 1797 1555 quid

140 1575 333 1615 peracturus
356 1576 419 1611 est,
441 1582 527 1611 saepe
549 1573 717 1605 audimus:
748 1571 796 1603 Ee
816 1572 927 1603 brenut
949 1573 1001 1603 dir
1014 1573 1058 1612 ja
1079 1572 1165 1604 nicht
1186 1573 1246 1610 avj
1264 1572 1316 1602 die
1334 1570 1457 1612 Nagel.

225 1670 273 1702 V.
292 1671 345 1702 34.
386 1670 485 1711 στιβοῖς
513 1681 532 1701 a
562 1669 709 1701 Grevero
737 1669 767 1701 h.
788 1670 812 1701 l.
838 1677 869 1701 et
890 1669 973 1709 Vll,
991 1669 1041 1703 6⁷.
1077 1669 1265 1711 explicatur
1288 1675 1426 1700 stratum
1450 1679 1493 1699 ex
1516 1668 1650 1706 caespite
1674 1669 1797 1702 factum

142 1727 412 1768 (Rasenpolster)‚
432 1727 485 1757 cui
509 1726 723 1764 explicationi
747 1726 825 1765 Vll,
847 1729 899 1759 67.
923 1728 1130 1758 adversatur.
1174 1726 1294 1767 Signis.
1318 1727 1447 1766 proprie
1471 1725 1504 1755 id
1526 1726 1611 1763 quod
1634 1726 1796 1758 calcatum

145 1791 208 1823 est,
229 1791 297 1815 tum
320 1785 451 1814 omnino
472 1783 584 1814 cubile
606 1793 650 1813 ex
670 1783 827 1814 mollibus
851 1783 944 1815 foliis
967 1790 1105 1815 stratum
1128 1782 1351 1823 (Lunblugenj,
1374 1783 1408 1812 in
1429 1792 1491 1824 quo
1514 1783 1586 1820 quis
1611 1782 1718 1815 cubat.
1755 1784 1795 1826 In

144 1841 249 1873 altero
271 1841 345 1871 Ioco
364 1841 496 1871 additur
512 1841 712 1880 πεπυκασμένα
730 1840 779 1875 ἵεντ’
803 1839 847 1872 ἔπῖ
866 1845 960 1882 mlxv,
980 1841 1013 1871 h.
1035 1852 1064 1871 e.
1083 1851 1186 1881 usque
1206 1840 1247 1870 ad
1266 1850 1336 1870 eam
1348 1838 1558 1870 altitudinem
1578 1845 1798 1881 exstructum,

145 1905 183 1930 ut
204 1897 348 1929 cubitum
370 1904 494 1939 tangat.
516 1897 649 1929 Scliol.:
686 1897 828 1938 στρωμενὴ
856 1896 900 1929 ἐπὶ
928 1901 978 1938 τῆς
1005 1901 1055 1939 γῆς
1082 1898 1118 1929 ἐκ
1146 1896 1302 1937 φύλλων.
1334 1896 1495 1927 Similiter
1525 1895 1623 1935 Soph.
1653 1897 1796 1930 Philoct.

146 1967 180 1988 v.
200 1957 252 1988 33.
276 1955 389 1994 στειπτή
409 1968 438 1995 γε
458 1956 578 1997 φυλλάς,
605 1954 661 1985 ubi
686 1953 816 1985 Schol.:
839 1955 1038 1995 χαμαισρωσία
1059 1955 1089 1986 ἐκ
1122 1954 1279 1995 φύλλων,
1319 1952 1419 1984 Porro
1443 1953 1583 1984 Theocr.
1602 1953 1667 1992 IX,
1686 1956 1718 1987 9.
1739 1955 1796 1988 ἔφη

146 2014 180 2046 δέ
199 2026 249 2054 μοι
273 2012 341 2053 παρ’
368 2010 443 2052 ὕδωρ
460 2011 571 2053 ψυχρὸν
596 2012 706 2053 στιβάς.
729 2010 787 2041 ubi
810 2010 938 2042 schah:
959 2011 1036 2050 κοίτη
1057 2010 1239 2051 ἐστιβασμεᾈη
1260 2009 1331 2041 ἀπὸ
1357 2013 1533 2051 βοτανῶν.
1574 2010 1648 2040 Huc
1669 2013 1794 2043 aceedit

146 2070 247 2111 XIII,
267 2071 319 2103 34.
349 2067 449 2108 λειμὼν
459 2068 513 2111 γοίρ
533 2082 600 2111 σφιν
620 2069 717 2106 ἔκειτο,
735 2068 808 2110 μέγα
827 2066 1068 2109 στιβάδεσσιν
1088 2066 1189 2109 ὄνειαρ.
1209 2084 1252 2091 —-
1273 2078 1304 2098 v.
1327 2067 1379 2099 36.
1401 2066 1453 2097 De
1476 2064 1587 2097 verbis
1610 2064 1717 2108 ὄμμασι
1736 2074 1795 2106 τοῖς

148 2129 262 2171 ὅρθοῖσι
280 2126 444 2169 ποτιβλεῢιεν
472 2126 514 2157 cf.
544 2125 641 2165 Soph.
669 2125 753 2158 Oed.
777 2125 816 2156 R.
839 2126 929 2158 1351.
950 2125 1060 2164 ibique
1084 2123 1303 2156 Wunderum.
